ts_event,bid_fill,ask_fill,Signed Volume,price,best_bid,best_ask,mid_price
2024-10-22 08:00:00,801.0,1999.0,-1198.0,236.14,235.83,236.14,235.985
2024-10-22 08:00:01,201.0,202.0,-1.0,236.13,235.83,236.13,235.98
2024-10-22 08:00:02,1600.0,1400.0,200.0,235.83,235.83,236.11,235.97
2024-10-22 08:00:03,534.0,400.0,134.0,236.1,235.96,236.1,236.03
2024-10-22 08:00:04,400.0,502.0,-102.0,236.11,235.96,236.11,236.035
2024-10-22 08:00:05,464.0,869.0,-405.0,236.11,235.96,236.11,236.035
2024-10-22 08:00:08,116.0,760.0,-644.0,236.09,235.96,236.09,236.025
2024-10-22 08:00:09,2245.0,4211.0,-1966.0,235.83,235.81,235.83,235.82
2024-10-22 08:00:12,45.0,2341.0,-2296.0,236.01,235.81,236.01,235.91
2024-10-22 08:00:16,3408.0,2846.0,562.0,235.97,235.81,235.97,235.89
2024-10-22 08:00:18,3372.0,1962.0,1410.0,235.71,235.71,235.81,235.76
2024-10-22 08:00:21,1800.0,4466.0,-2666.0,235.93,235.71,235.93,235.82
2024-10-22 08:00:34,3030.0,2501.0,529.0,235.69,235.57,235.71,235.64
2024-10-22 08:00:35,38.0,1020.0,-982.0,235.71,235.57,235.71,235.64
2024-10-22 08:00:36,1.0,2.0,-1.0,235.71,235.57,235.71,235.64
2024-10-22 08:00:39,77.0,402.0,-325.0,235.71,235.57,235.71,235.64
2024-10-22 08:00:40,0.0,0.0,0.0,235.58,235.57,235.71,235.64
2024-10-22 08:00:47,70.0,540.0,-470.0,235.71,235.57,235.71,235.64
2024-10-22 08:00:59,1200.0,709.0,491.0,235.57,235.57,235.71,235.64
2024-10-22 08:01:03,683.0,2835.0,-2152.0,235.64,235.64,235.93,235.785
2024-10-22 08:01:04,1296.0,2442.0,-1146.0,235.64,235.64,235.93,235.785
2024-10-22 08:01:05,760.0,0.0,760.0,235.65,235.65,235.93,235.79
2024-10-22 08:01:07,76.0,12.0,64.0,235.65,235.65,235.93,235.79
2024-10-22 08:01:08,64.0,0.0,64.0,235.65,235.65,235.93,235.79
2024-10-22 08:01:09,64.0,0.0,64.0,235.65,235.65,235.93,235.79
2024-10-22 08:01:11,96.0,462.0,-366.0,235.92,235.66,235.92,235.79
2024-10-22 08:01:13,32.0,0.0,32.0,235.65,235.65,235.92,235.785
2024-10-22 08:01:14,96.0,403.0,-307.0,235.93,235.66,235.93,235.795
2024-10-22 08:01:15,32.0,0.0,32.0,235.67,235.67,235.93,235.8
2024-10-22 08:01:16,48.0,0.0,48.0,235.68,235.57,235.93,235.75
2024-10-22 08:01:17,0.0,400.0,-400.0,235.92,235.57,235.92,235.745
2024-10-22 08:01:18,16.0,5.0,11.0,235.67,235.67,235.92,235.795
2024-10-22 08:01:19,16.0,0.0,16.0,235.67,235.57,235.92,235.745
2024-10-22 08:01:23,800.0,400.0,400.0,235.91,235.57,235.91,235.74
2024-10-22 08:01:24,410.0,400.0,10.0,235.95,235.57,235.95,235.76
2024-10-22 08:01:28,400.0,400.0,0.0,235.6,235.6,235.97,235.785
2024-10-22 08:01:34,3000.0,3000.0,0.0,235.62,235.62,235.97,235.795
2024-10-22 08:01:35,856.0,856.0,0.0,235.95,235.61,235.95,235.78
2024-10-22 08:01:38,400.0,0.0,400.0,235.62,235.62,235.95,235.785
2024-10-22 08:01:56,454.0,432.0,22.0,235.63,235.63,235.96,235.795
2024-10-22 08:02:04,16.0,0.0,16.0,235.68,235.68,235.96,235.82
2024-10-22 08:02:05,496.0,0.0,496.0,235.69,235.69,235.96,235.825
2024-10-22 08:02:06,64.0,400.0,-336.0,235.67,235.67,235.94,235.805
2024-10-22 08:02:07,32.0,59.0,-27.0,235.68,235.68,235.94,235.81
2024-10-22 08:02:08,400.0,400.0,0.0,235.95,235.68,235.95,235.815
2024-10-22 08:02:09,0.0,160.0,-160.0,235.84,235.68,235.84,235.76
2024-10-22 08:02:10,64.0,600.0,-536.0,235.66,235.66,235.84,235.75
2024-10-22 08:02:12,32.0,0.0,32.0,235.68,235.68,235.84,235.76
2024-10-22 08:02:13,32.0,0.0,32.0,235.67,235.67,235.84,235.755
2024-10-22 08:02:14,32.0,0.0,32.0,235.68,235.68,235.84,235.76
2024-10-22 08:02:15,32.0,0.0,32.0,235.69,235.69,235.84,235.765
2024-10-22 08:02:16,1064.0,4000.0,-2936.0,235.67,235.67,235.84,235.755
2024-10-22 08:02:18,6032.0,0.0,6032.0,235.68,235.68,235.84,235.76
2024-10-22 08:02:19,976.0,2.0,974.0,235.84,235.68,235.84,235.76
2024-10-22 08:02:20,6288.0,1681.0,4607.0,235.67,235.67,235.84,235.755
2024-10-22 08:02:21,2832.0,29.0,2803.0,235.66,235.66,235.84,235.75
2024-10-22 08:02:23,2416.0,0.0,2416.0,235.6,235.6,235.84,235.72
2024-10-22 08:02:28,10.0,0.0,10.0,235.71,235.6,235.84,235.72
2024-10-22 08:02:32,800.0,4205.0,-3405.0,235.82,235.54,235.82,235.68
2024-10-22 08:02:33,3600.0,2400.0,1200.0,235.56,235.56,235.82,235.69
2024-10-22 08:02:34,2800.0,0.0,2800.0,235.55,235.55,235.82,235.685
2024-10-22 08:02:35,1600.0,0.0,1600.0,235.61,235.61,235.82,235.715
2024-10-22 08:02:39,8.0,416.0,-408.0,235.82,235.61,235.82,235.715
2024-10-22 08:02:44,800.0,0.0,800.0,235.75,235.6,235.82,235.71
2024-10-22 08:02:46,1602.0,800.0,802.0,235.64,235.54,235.82,235.68
2024-10-22 08:02:49,800.0,400.0,400.0,235.56,235.56,235.82,235.69
2024-10-22 08:02:50,0.0,0.0,0.0,235.75,235.56,235.82,235.69
2024-10-22 08:02:59,3822.0,877.0,2945.0,235.54,235.54,235.82,235.68
2024-10-22 08:03:00,2152.0,204.0,1948.0,235.54,235.54,235.82,235.68
2024-10-22 08:03:04,16.0,0.0,16.0,235.62,235.62,235.82,235.72
2024-10-22 08:03:06,1232.0,455.0,777.0,235.63,235.63,235.82,235.725
2024-10-22 08:03:07,832.0,457.0,375.0,235.62,235.62,235.82,235.72
2024-10-22 08:03:12,432.0,0.0,432.0,235.64,235.64,235.82,235.73
2024-10-22 08:03:13,496.0,0.0,496.0,235.63,235.63,235.82,235.725
2024-10-22 08:03:14,92.0,800.0,-708.0,235.64,235.64,235.82,235.73
2024-10-22 08:03:16,64.0,0.0,64.0,235.64,235.64,235.82,235.73
2024-10-22 08:03:17,32.0,0.0,32.0,235.63,235.63,235.82,235.725
2024-10-22 08:03:19,432.0,0.0,432.0,235.62,235.62,235.82,235.72
2024-10-22 08:03:20,32.0,0.0,32.0,235.61,235.61,235.82,235.715
2024-10-22 08:03:21,32.0,0.0,32.0,235.62,235.62,235.82,235.72
2024-10-22 08:03:22,528.0,60.0,468.0,235.62,235.62,235.82,235.72
2024-10-22 08:03:24,32.0,8400.0,-8368.0,235.64,235.64,235.82,235.73
2024-10-22 08:03:28,0.0,0.0,0.0,235.75,235.64,235.82,235.73
2024-10-22 08:03:30,33.0,800.0,-767.0,235.63,235.63,235.82,235.725
2024-10-22 08:03:32,16.0,0.0,16.0,235.63,235.56,235.82,235.69
2024-10-22 08:03:37,0.0,0.0,0.0,235.75,235.56,235.82,235.69
2024-10-22 08:03:38,1200.0,2084.0,-884.0,235.56,235.56,235.82,235.69
2024-10-22 08:03:44,456.0,4085.0,-3629.0,235.55,235.55,235.82,235.685
2024-10-22 08:03:50,2878.0,1400.0,1478.0,235.55,235.5,235.82,235.66
2024-10-22 08:03:52,427.0,57.0,370.0,235.5,235.5,235.82,235.66
2024-10-22 08:03:53,200.0,0.0,200.0,235.5,235.5,235.82,235.66
2024-10-22 08:03:54,200.0,0.0,200.0,235.5,235.5,235.82,235.66
2024-10-22 08:03:57,200.0,0.0,200.0,235.5,235.5,235.82,235.66
2024-10-22 08:04:04,48.0,32.0,16.0,235.56,235.56,235.82,235.69
2024-10-22 08:04:05,96.0,0.0,96.0,235.55,235.55,235.82,235.685
2024-10-22 08:04:06,1032.0,0.0,1032.0,235.54,235.54,235.82,235.68
2024-10-22 08:04:09,64.0,0.0,64.0,235.54,235.54,235.82,235.68
2024-10-22 08:04:13,32.0,200.0,-168.0,235.53,235.53,235.82,235.675
2024-10-22 08:04:14,3032.0,0.0,3032.0,235.52,235.52,235.82,235.67
2024-10-22 08:04:16,2032.0,857.0,1175.0,235.79,235.51,235.79,235.65
2024-10-22 08:04:17,32.0,0.0,32.0,235.52,235.52,235.79,235.655
2024-10-22 08:04:22,0.0,456.0,-456.0,235.76,235.52,235.76,235.64
2024-10-22 08:04:23,32.0,457.0,-425.0,235.79,235.51,235.79,235.65
2024-10-22 08:04:24,96.0,400.0,-304.0,235.52,235.52,235.78,235.65
2024-10-22 08:04:25,128.0,0.0,128.0,235.52,235.52,235.78,235.65
2024-10-22 08:04:26,16.0,0.0,16.0,235.52,235.5,235.78,235.64
2024-10-22 08:04:31,4000.0,2.0,3998.0,235.72,235.5,235.78,235.64
2024-10-22 08:04:40,0.0,5000.0,-5000.0,235.82,235.5,235.82,235.66
2024-10-22 08:04:44,0.0,400.0,-400.0,235.82,235.5,235.82,235.66
2024-10-22 08:04:54,200.0,400.0,-200.0,235.5,235.5,235.82,235.66
2024-10-22 08:04:55,200.0,38.0,162.0,235.82,235.5,235.83,235.665
2024-10-22 08:04:56,0.0,400.0,-400.0,235.85,235.5,235.85,235.675
2024-10-22 08:04:57,400.0,400.0,0.0,235.51,235.51,235.84,235.675
2024-10-22 08:05:00,200.0,600.0,-400.0,235.83,235.51,235.83,235.67
2024-10-22 08:05:03,0.0,800.0,-800.0,235.83,235.51,235.83,235.67
2024-10-22 08:05:04,16.0,38.0,-22.0,235.73,235.57,235.73,235.65
2024-10-22 08:05:05,32.0,400.0,-368.0,235.58,235.58,235.73,235.655
2024-10-22 08:05:06,32.0,1200.0,-1168.0,235.57,235.57,235.73,235.65
2024-10-22 08:05:07,32.0,0.0,32.0,235.58,235.58,235.73,235.655
2024-10-22 08:05:08,32.0,600.0,-568.0,235.57,235.57,235.73,235.65
2024-10-22 08:05:09,64.0,1400.0,-1336.0,235.57,235.57,235.73,235.65
2024-10-22 08:05:10,32.0,600.0,-568.0,235.56,235.56,235.73,235.645
2024-10-22 08:05:11,800.0,1200.0,-400.0,235.63,235.56,235.73,235.645
2024-10-22 08:05:12,432.0,0.0,432.0,235.55,235.55,235.73,235.64
2024-10-22 08:05:13,160.0,400.0,-240.0,235.56,235.56,235.73,235.645
2024-10-22 08:05:17,32.0,1200.0,-1168.0,235.57,235.57,235.73,235.65
2024-10-22 08:05:20,32.0,2000.0,-1968.0,235.58,235.58,235.73,235.655
2024-10-22 08:05:22,5760.0,6220.0,-460.0,235.66,235.5,235.73,235.615
2024-10-22 08:05:25,32.0,938.0,-906.0,235.73,235.5,235.74,235.62
2024-10-22 08:05:33,0.0,2200.0,-2200.0,235.74,235.5,235.74,235.62
2024-10-22 08:05:34,32.0,0.0,32.0,235.5,235.5,235.74,235.62
2024-10-22 08:05:35,2972.0,0.0,2972.0,235.51,235.51,235.74,235.625
2024-10-22 08:05:39,900.0,600.0,300.0,235.75,235.51,235.75,235.63
2024-10-22 08:05:40,132.0,2238.0,-2106.0,235.6,235.51,235.6,235.555
2024-10-22 08:05:58,230.0,0.0,230.0,235.52,235.51,235.6,235.555
2024-10-22 08:06:04,145.0,0.0,145.0,235.52,235.51,235.6,235.555
2024-10-22 08:06:19,1944.0,0.0,1944.0,235.5,235.5,235.6,235.55
2024-10-22 08:06:29,2000.0,38.0,1962.0,235.6,235.5,235.69,235.595
2024-10-22 08:06:31,27.0,432.0,-405.0,235.74,235.5,235.74,235.62
2024-10-22 08:06:34,11.0,233.0,-222.0,235.74,235.5,235.74,235.62
2024-10-22 08:06:44,0.0,38.0,-38.0,235.61,235.5,235.61,235.555
2024-10-22 08:06:51,1744.0,0.0,1744.0,235.5,235.5,235.61,235.555
2024-10-22 08:06:58,7904.0,8939.0,-1035.0,235.56,235.46,235.61,235.535
2024-10-22 08:07:03,6532.0,10239.0,-3707.0,235.54,235.43,235.61,235.52
2024-10-22 08:07:04,1944.0,230.0,1714.0,235.43,235.31,235.61,235.46
2024-10-22 08:07:05,48.0,0.0,48.0,235.42,235.42,235.61,235.515
2024-10-22 08:07:07,32.0,0.0,32.0,235.43,235.43,235.61,235.52
2024-10-22 08:07:09,96.0,0.0,96.0,235.42,235.42,235.61,235.515
2024-10-22 08:07:10,96.0,0.0,96.0,235.43,235.43,235.61,235.52
2024-10-22 08:07:12,64.0,0.0,64.0,235.43,235.43,235.61,235.52
2024-10-22 08:07:13,96.0,0.0,96.0,235.42,235.42,235.61,235.515
2024-10-22 08:07:18,64.0,0.0,64.0,235.42,235.42,235.61,235.515
2024-10-22 08:07:19,1332.0,0.0,1332.0,235.43,235.43,235.61,235.52
2024-10-22 08:07:20,1652.0,1498.0,154.0,235.68,235.43,235.72,235.575
2024-10-22 08:07:22,832.0,2000.0,-1168.0,235.44,235.44,235.72,235.58
2024-10-22 08:07:23,16.0,2000.0,-1984.0,235.44,235.41,235.72,235.565
2024-10-22 08:07:42,0.0,800.0,-800.0,235.71,235.41,235.71,235.56
2024-10-22 08:07:51,2632.0,6620.0,-3988.0,235.72,235.41,235.72,235.565
2024-10-22 08:07:54,57.0,857.0,-800.0,235.67,235.41,235.67,235.54
2024-10-22 08:07:55,600.0,459.0,141.0,235.66,235.41,235.66,235.535
2024-10-22 08:08:04,2248.0,2000.0,248.0,235.49,235.49,235.66,235.575
2024-10-22 08:08:05,496.0,12.0,484.0,235.49,235.49,235.54,235.515
2024-10-22 08:08:09,2464.0,400.0,2064.0,235.49,235.49,235.54,235.515
2024-10-22 08:08:10,432.0,10.0,422.0,235.5,235.5,235.54,235.52
2024-10-22 08:08:11,664.0,0.0,664.0,235.48,235.48,235.54,235.51
2024-10-22 08:08:12,232.0,454.0,-222.0,235.49,235.49,235.54,235.515
2024-10-22 08:08:13,928.0,0.0,928.0,235.47,235.47,235.54,235.505
2024-10-22 08:08:16,1268.0,1000.0,268.0,235.47,235.47,235.54,235.505
2024-10-22 08:08:17,232.0,0.0,232.0,235.48,235.48,235.54,235.51
2024-10-22 08:08:20,474.0,0.0,474.0,235.48,235.48,235.54,235.51
2024-10-22 08:08:21,116.0,0.0,116.0,235.48,235.41,235.54,235.475
2024-10-22 08:08:27,0.0,0.0,0.0,235.42,235.41,235.54,235.475
2024-10-22 08:08:41,784.0,10602.0,-9818.0,235.74,235.41,235.74,235.575
2024-10-22 08:08:42,0.0,426.0,-426.0,235.79,235.41,235.79,235.6
2024-10-22 08:08:44,0.0,855.0,-855.0,235.74,235.41,235.74,235.575
2024-10-22 08:08:47,0.0,1000.0,-1000.0,235.73,235.41,235.73,235.57
2024-10-22 08:08:48,800.0,683.0,117.0,235.41,235.41,235.74,235.575
2024-10-22 08:08:53,57.0,1427.0,-1370.0,235.74,235.41,235.74,235.575
2024-10-22 08:08:54,0.0,800.0,-800.0,235.75,235.41,235.75,235.58
2024-10-22 08:08:57,0.0,800.0,-800.0,235.74,235.41,235.74,235.575
2024-10-22 08:08:59,5.0,1600.0,-1595.0,235.75,235.42,235.75,235.585
2024-10-22 08:09:01,1456.0,200.0,1256.0,235.45,235.45,235.75,235.6
2024-10-22 08:09:03,3654.0,855.0,2799.0,235.69,235.42,235.69,235.555
2024-10-22 08:09:04,416.0,0.0,416.0,235.54,235.54,235.69,235.615
2024-10-22 08:09:05,1118.0,400.0,718.0,235.75,235.54,235.75,235.645
2024-10-22 08:09:06,660.0,1256.0,-596.0,235.74,235.55,235.74,235.645
2024-10-22 08:09:07,1688.0,54.0,1634.0,235.56,235.56,235.74,235.65
2024-10-22 08:09:09,800.0,200.0,600.0,235.74,235.56,235.74,235.65
2024-10-22 08:09:10,400.0,600.0,-200.0,235.73,235.56,235.73,235.645
2024-10-22 08:09:11,96.0,54.0,42.0,235.55,235.55,235.73,235.64
2024-10-22 08:09:24,32.0,0.0,32.0,235.56,235.56,235.73,235.645
2024-10-22 08:09:25,0.0,400.0,-400.0,235.79,235.56,235.79,235.675
2024-10-22 08:09:26,96.0,1632.0,-1536.0,235.57,235.57,235.8,235.685
2024-10-22 08:09:27,32.0,600.0,-568.0,235.58,235.58,235.8,235.69
2024-10-22 08:09:29,1000.0,400.0,600.0,235.79,235.58,235.79,235.685
2024-10-22 08:09:30,832.0,515.0,317.0,235.57,235.57,235.78,235.675
2024-10-22 08:09:32,32.0,0.0,32.0,235.56,235.56,235.78,235.67
2024-10-22 08:09:35,64.0,0.0,64.0,235.56,235.56,235.78,235.67
2024-10-22 08:09:37,32.0,2000.0,-1968.0,235.55,235.55,235.78,235.665
2024-10-22 08:09:40,32.0,0.0,32.0,235.54,235.54,235.78,235.66
2024-10-22 08:09:41,32.0,0.0,32.0,235.55,235.55,235.78,235.665
2024-10-22 08:09:46,16.0,0.0,16.0,235.55,235.45,235.78,235.615
2024-10-22 08:10:04,48.0,2000.0,-1952.0,235.54,235.54,235.78,235.66
2024-10-22 08:10:05,96.0,0.0,96.0,235.53,235.53,235.78,235.655
2024-10-22 08:10:06,96.0,0.0,96.0,235.52,235.52,235.78,235.65
2024-10-22 08:10:08,264.0,0.0,264.0,235.52,235.52,235.78,235.65
2024-10-22 08:10:09,696.0,0.0,696.0,235.51,235.51,235.78,235.645
2024-10-22 08:10:10,180.0,0.0,180.0,235.51,235.45,235.78,235.615
2024-10-22 08:10:11,16.0,0.0,16.0,235.51,235.51,235.78,235.645
2024-10-22 08:10:13,32.0,0.0,32.0,235.52,235.52,235.78,235.65
2024-10-22 08:10:14,32.0,0.0,32.0,235.51,235.51,235.78,235.645
2024-10-22 08:10:18,1085.0,2517.0,-1432.0,235.57,235.57,235.77,235.67
2024-10-22 08:10:19,600.0,429.0,171.0,235.77,235.57,235.82,235.695
2024-10-22 08:10:20,0.0,64.0,-64.0,235.82,235.57,235.82,235.695
2024-10-22 08:10:21,0.0,2032.0,-2032.0,235.83,235.57,235.83,235.7
2024-10-22 08:10:22,452.0,400.0,52.0,235.59,235.59,235.8,235.695
2024-10-22 08:10:27,0.0,1009.0,-1009.0,235.81,235.59,235.81,235.7
2024-10-22 08:10:28,0.0,400.0,-400.0,235.81,235.59,235.81,235.7
2024-10-22 08:10:29,0.0,32.0,-32.0,235.81,235.59,235.81,235.7
2024-10-22 08:10:32,0.0,42.0,-42.0,235.71,235.59,235.81,235.7
2024-10-22 08:10:33,0.0,2034.0,-2034.0,235.8,235.59,235.8,235.695
2024-10-22 08:10:38,485.0,2373.0,-1888.0,235.78,235.5,235.78,235.64
2024-10-22 08:10:41,0.0,96.0,-96.0,235.79,235.5,235.79,235.645
2024-10-22 08:10:42,0.0,32.0,-32.0,235.8,235.5,235.8,235.65
2024-10-22 08:10:43,16.0,96.0,-80.0,235.79,235.5,235.79,235.645
2024-10-22 08:10:45,800.0,255.0,545.0,235.49,235.49,235.79,235.64
2024-10-22 08:10:46,0.0,48.0,-48.0,235.78,235.49,235.8,235.645
2024-10-22 08:10:53,0.0,200.0,-200.0,235.8,235.49,235.8,235.645
2024-10-22 08:10:58,2076.0,0.0,2076.0,235.58,235.58,235.8,235.69
2024-10-22 08:11:18,0.0,16.0,-16.0,235.79,235.58,235.79,235.685
2024-10-22 08:11:20,2076.0,0.0,2076.0,235.59,235.59,235.79,235.69
2024-10-22 08:11:21,0.0,64.0,-64.0,235.79,235.59,235.79,235.69
2024-10-22 08:11:23,76.0,0.0,76.0,235.6,235.6,235.79,235.695
2024-10-22 08:11:27,200.0,64.0,136.0,235.79,235.6,235.79,235.695
2024-10-22 08:11:28,800.0,128.0,672.0,235.79,235.6,235.79,235.695
2024-10-22 08:11:30,600.0,64.0,536.0,235.79,235.6,235.79,235.695
2024-10-22 08:11:31,1000.0,32.0,968.0,235.8,235.6,235.8,235.7
2024-10-22 08:11:33,38.0,0.0,38.0,235.71,235.51,235.8,235.655
2024-10-22 08:11:35,600.0,32.0,568.0,235.49,235.49,235.79,235.64
2024-10-22 08:11:37,0.0,32.0,-32.0,235.78,235.49,235.78,235.635
2024-10-22 08:11:38,400.0,32.0,368.0,235.5,235.5,235.79,235.645
2024-10-22 08:11:39,0.0,128.0,-128.0,235.79,235.5,235.79,235.645
2024-10-22 08:11:41,0.0,48.0,-48.0,235.78,235.5,235.8,235.65
2024-10-22 08:11:44,453.0,4455.0,-4002.0,235.51,235.51,235.81,235.66
2024-10-22 08:11:50,0.0,800.0,-800.0,235.82,235.51,235.82,235.665
2024-10-22 08:12:00,25.0,557.0,-532.0,235.81,235.51,235.81,235.66
2024-10-22 08:12:11,852.0,455.0,397.0,235.8,235.5,235.8,235.65
2024-10-22 08:12:18,0.0,16.0,-16.0,235.77,235.5,235.77,235.635
2024-10-22 08:12:20,0.0,32.0,-32.0,235.76,235.5,235.76,235.63
2024-10-22 08:12:21,0.0,96.0,-96.0,235.78,235.5,235.78,235.64
2024-10-22 08:12:22,0.0,64.0,-64.0,235.78,235.5,235.78,235.64
2024-10-22 08:12:23,0.0,160.0,-160.0,235.79,235.5,235.79,235.645
2024-10-22 08:12:24,0.0,64.0,-64.0,235.79,235.5,235.79,235.645
2024-10-22 08:12:26,0.0,32.0,-32.0,235.78,235.5,235.78,235.64
2024-10-22 08:12:27,0.0,32.0,-32.0,235.77,235.5,235.77,235.635
2024-10-22 08:12:28,0.0,32.0,-32.0,235.78,235.5,235.78,235.64
2024-10-22 08:12:30,0.0,64.0,-64.0,235.78,235.5,235.78,235.64
2024-10-22 08:12:32,284.0,48.0,236.0,235.77,235.5,235.8,235.65
2024-10-22 08:12:51,64.0,0.0,64.0,235.5,235.5,235.8,235.65
2024-10-22 08:12:54,32.0,0.0,32.0,235.5,235.5,235.8,235.65
2024-10-22 08:12:56,32.0,0.0,32.0,235.5,235.5,235.8,235.65
2024-10-22 08:12:57,0.0,7306.0,-7306.0,235.63,235.5,235.63,235.565
2024-10-22 08:12:58,64.0,829.0,-765.0,235.5,235.5,235.63,235.565
2024-10-22 08:12:59,32.0,856.0,-824.0,235.5,235.5,235.63,235.565
2024-10-22 08:13:01,207.0,2750.0,-2543.0,235.5,235.5,235.63,235.565
2024-10-22 08:13:16,32.0,0.0,32.0,235.5,235.5,235.63,235.565
2024-10-22 08:13:19,8.0,3271.0,-3263.0,235.63,235.5,235.63,235.565
2024-10-22 08:13:21,64.0,1455.0,-1391.0,235.5,235.5,235.63,235.565
2024-10-22 08:13:25,32.0,2030.0,-1998.0,235.5,235.5,235.63,235.565
2024-10-22 08:13:27,64.0,0.0,64.0,235.5,235.5,235.63,235.565
2024-10-22 08:13:29,32.0,0.0,32.0,235.5,235.5,235.63,235.565
2024-10-22 08:13:30,16.0,0.0,16.0,235.5,235.5,235.63,235.565
2024-10-22 08:13:43,16.0,0.0,16.0,235.54,235.54,235.63,235.585
2024-10-22 08:13:44,38.0,1012.0,-974.0,235.55,235.55,235.63,235.59
2024-10-22 08:13:45,948.0,4764.0,-3816.0,235.59,235.55,235.84,235.695
2024-10-22 08:13:46,0.0,2200.0,-2200.0,235.84,235.55,235.87,235.71
2024-10-22 08:13:48,0.0,400.0,-400.0,235.86,235.55,235.86,235.705
2024-10-22 08:13:49,32.0,0.0,32.0,235.54,235.54,235.86,235.7
2024-10-22 08:13:51,146.0,0.0,146.0,235.55,235.55,235.86,235.705
2024-10-22 08:13:53,32.0,32.0,0.0,235.86,235.54,235.86,235.7
2024-10-22 08:13:54,32.0,32.0,0.0,235.55,235.55,235.86,235.705
2024-10-22 08:13:55,96.0,0.0,96.0,235.54,235.54,235.86,235.7
2024-10-22 08:13:58,0.0,32.0,-32.0,235.86,235.54,235.86,235.7
2024-10-22 08:13:59,96.0,0.0,96.0,235.53,235.53,235.86,235.695
2024-10-22 08:14:01,800.0,57.0,743.0,235.53,235.53,235.86,235.695
2024-10-22 08:14:02,0.0,32.0,-32.0,235.85,235.53,235.85,235.69
2024-10-22 08:14:03,0.0,32.0,-32.0,235.86,235.53,235.86,235.695
2024-10-22 08:14:04,32.0,32.0,0.0,235.52,235.52,235.85,235.685
2024-10-22 08:14:05,32.0,96.0,-64.0,235.85,235.53,235.85,235.69
2024-10-22 08:14:08,0.0,32.0,-32.0,235.86,235.53,235.86,235.695
2024-10-22 08:14:10,32.0,400.0,-368.0,235.54,235.54,235.85,235.695
2024-10-22 08:14:16,264.0,496.0,-232.0,235.87,235.56,235.87,235.715
2024-10-22 08:14:19,0.0,400.0,-400.0,235.86,235.56,235.86,235.71
2024-10-22 08:14:20,32.0,0.0,32.0,235.57,235.57,235.86,235.715
2024-10-22 08:14:21,16.0,0.0,16.0,235.57,235.52,235.86,235.69
2024-10-22 08:14:22,658.0,432.0,226.0,235.53,235.53,235.87,235.7
2024-10-22 08:14:23,0.0,400.0,-400.0,235.87,235.53,235.87,235.7
2024-10-22 08:14:27,200.0,0.0,200.0,235.53,235.53,235.87,235.7
2024-10-22 08:14:29,657.0,32.0,625.0,235.57,235.57,235.87,235.72
2024-10-22 08:14:31,0.0,432.0,-432.0,235.87,235.57,235.87,235.72
2024-10-22 08:14:33,1400.0,0.0,1400.0,235.58,235.58,235.87,235.725
2024-10-22 08:14:54,884.0,456.0,428.0,235.55,235.55,235.88,235.715
2024-10-22 08:14:55,27.0,459.0,-432.0,235.88,235.55,235.88,235.715
2024-10-22 08:14:57,0.0,32.0,-32.0,235.88,235.55,235.88,235.715
2024-10-22 08:14:59,0.0,32.0,-32.0,235.88,235.55,235.88,235.715
2024-10-22 08:15:00,356.0,433.0,-77.0,235.88,235.55,235.88,235.715
2024-10-22 08:15:01,1.0,16.0,-15.0,235.59,235.59,235.88,235.735
2024-10-22 08:15:05,600.0,2456.0,-1856.0,235.87,235.59,235.87,235.73
2024-10-22 08:15:11,800.0,400.0,400.0,235.88,235.59,235.88,235.735
2024-10-22 08:15:12,1.0,0.0,1.0,235.71,235.71,235.88,235.795
2024-10-22 08:15:13,0.0,400.0,-400.0,235.88,235.71,235.88,235.795
2024-10-22 08:15:26,0.0,432.0,-432.0,235.88,235.71,235.88,235.795
2024-10-22 08:15:28,0.0,96.0,-96.0,235.88,235.71,235.88,235.795
2024-10-22 08:15:29,0.0,64.0,-64.0,235.88,235.71,235.88,235.795
2024-10-22 08:15:30,0.0,64.0,-64.0,235.88,235.71,235.88,235.795
2024-10-22 08:15:31,854.0,145.0,709.0,235.87,235.59,235.87,235.73
2024-10-22 08:15:32,0.0,88.0,-88.0,235.86,235.59,235.86,235.725
2024-10-22 08:15:33,100.0,432.0,-332.0,235.87,235.59,235.87,235.73
2024-10-22 08:15:35,1.0,64.0,-63.0,235.87,235.59,235.87,235.73
2024-10-22 08:15:37,0.0,400.0,-400.0,235.87,235.59,235.87,235.73
2024-10-22 08:15:39,0.0,32.0,-32.0,235.86,235.59,235.86,235.725
2024-10-22 08:15:44,0.0,32.0,-32.0,235.87,235.59,235.87,235.73
2024-10-22 08:15:46,0.0,16.0,-16.0,235.87,235.59,235.88,235.735
2024-10-22 08:15:49,0.0,1256.0,-1256.0,235.87,235.59,235.87,235.73
2024-10-22 08:15:56,800.0,800.0,0.0,235.88,235.59,235.88,235.735
2024-10-22 08:16:00,0.0,400.0,-400.0,235.87,235.59,235.87,235.73
2024-10-22 08:16:04,0.0,854.0,-854.0,235.87,235.59,235.87,235.73
2024-10-22 08:16:07,0.0,453.0,-453.0,235.82,235.59,235.82,235.705
2024-10-22 08:16:10,0.0,452.0,-452.0,235.87,235.59,235.87,235.73
2024-10-22 08:16:18,0.0,400.0,-400.0,235.86,235.59,235.86,235.725
2024-10-22 08:16:22,0.0,2068.0,-2068.0,235.81,235.59,235.81,235.7
2024-10-22 08:16:25,0.0,8117.0,-8117.0,235.83,235.59,235.83,235.71
2024-10-22 08:16:27,0.0,2064.0,-2064.0,235.81,235.59,235.81,235.7
2024-10-22 08:16:32,0.0,96.0,-96.0,235.82,235.59,235.82,235.705
2024-10-22 08:16:38,1052.0,2400.0,-1348.0,235.6,235.6,235.82,235.71
2024-10-22 08:16:39,0.0,1320.0,-1320.0,235.84,235.6,235.84,235.72
2024-10-22 08:16:40,0.0,432.0,-432.0,235.83,235.6,235.83,235.715
2024-10-22 08:16:42,400.0,0.0,400.0,235.61,235.61,235.83,235.72
2024-10-22 08:16:43,800.0,860.0,-60.0,235.59,235.59,235.83,235.71
2024-10-22 08:16:44,400.0,462.0,-62.0,235.6,235.6,235.84,235.72
2024-10-22 08:16:47,0.0,32.0,-32.0,235.83,235.6,235.83,235.715
2024-10-22 08:16:49,0.0,193.0,-193.0,235.83,235.6,235.83,235.715
2024-10-22 08:16:51,0.0,32.0,-32.0,235.85,235.6,235.85,235.725
2024-10-22 08:16:55,400.0,0.0,400.0,235.61,235.61,235.85,235.73
2024-10-22 08:16:59,0.0,32.0,-32.0,235.84,235.61,235.84,235.725
2024-10-22 08:17:00,0.0,32.0,-32.0,235.85,235.61,235.85,235.73
2024-10-22 08:17:02,0.0,32.0,-32.0,235.84,235.61,235.84,235.725
2024-10-22 08:17:04,0.0,32.0,-32.0,235.85,235.61,235.85,235.73
2024-10-22 08:17:06,0.0,16.0,-16.0,235.85,235.61,235.88,235.745
2024-10-22 08:17:14,600.0,0.0,600.0,235.6,235.59,235.88,235.735
2024-10-22 08:17:15,200.0,56.0,144.0,235.6,235.6,235.88,235.74
2024-10-22 08:17:18,0.0,853.0,-853.0,235.88,235.6,235.88,235.74
2024-10-22 08:17:19,0.0,453.0,-453.0,235.88,235.6,235.88,235.74
2024-10-22 08:17:22,0.0,2180.0,-2180.0,235.83,235.6,235.83,235.715
2024-10-22 08:17:25,0.0,100.0,-100.0,235.66,235.6,235.83,235.715
2024-10-22 08:17:27,400.0,0.0,400.0,235.61,235.61,235.83,235.72
2024-10-22 08:17:32,4000.0,550.0,3450.0,235.85,235.61,235.85,235.73
2024-10-22 08:17:33,2000.0,32.0,1968.0,235.84,235.61,235.84,235.725
2024-10-22 08:17:34,0.0,64.0,-64.0,235.84,235.61,235.84,235.725
2024-10-22 08:17:37,0.0,32.0,-32.0,235.83,235.61,235.83,235.72
2024-10-22 08:17:38,0.0,32.0,-32.0,235.84,235.61,235.84,235.725
2024-10-22 08:17:40,454.0,0.0,454.0,235.62,235.62,235.84,235.73
2024-10-22 08:17:41,0.0,487.0,-487.0,235.85,235.62,235.85,235.735
2024-10-22 08:17:43,0.0,32.0,-32.0,235.86,235.62,235.86,235.74
2024-10-22 08:17:44,4000.0,64.0,3936.0,235.88,235.62,235.88,235.75
2024-10-22 08:17:47,455.0,0.0,455.0,235.63,235.63,235.88,235.755
2024-10-22 08:17:51,0.0,32.0,-32.0,235.88,235.63,235.88,235.755
2024-10-22 08:17:52,0.0,64.0,-64.0,235.88,235.63,235.88,235.755
2024-10-22 08:17:53,0.0,32.0,-32.0,235.88,235.63,235.88,235.755
2024-10-22 08:17:57,0.0,32.0,-32.0,235.88,235.63,235.88,235.755
2024-10-22 08:18:14,6.0,94.0,-88.0,235.84,235.63,235.88,235.755
2024-10-22 08:18:21,2400.0,0.0,2400.0,235.63,235.59,235.88,235.735
2024-10-22 08:18:22,1654.0,903.0,751.0,235.61,235.61,235.87,235.74
2024-10-22 08:18:25,55.0,93.0,-38.0,235.87,235.61,235.87,235.74
2024-10-22 08:18:28,857.0,3560.0,-2703.0,235.61,235.59,235.8,235.695
2024-10-22 08:18:34,457.0,0.0,457.0,235.6,235.6,235.8,235.7
2024-10-22 08:18:37,483.0,681.0,-198.0,235.6,235.59,235.8,235.695
2024-10-22 08:19:11,0.0,992.0,-992.0,235.87,235.59,235.88,235.735
2024-10-22 08:19:31,0.0,232.0,-232.0,235.88,235.59,235.88,235.735
2024-10-22 08:19:42,0.0,32.0,-32.0,235.88,235.59,235.88,235.735
2024-10-22 08:19:44,1000.0,32.0,968.0,235.88,235.59,235.88,235.735
2024-10-22 08:19:46,400.0,832.0,-432.0,235.87,235.59,235.87,235.73
2024-10-22 08:19:50,0.0,432.0,-432.0,235.88,235.59,235.88,235.735
2024-10-22 08:19:56,0.0,32.0,-32.0,235.87,235.59,235.87,235.73
2024-10-22 08:20:00,200.0,264.0,-64.0,235.85,235.59,235.85,235.72
2024-10-22 08:20:01,0.0,486.0,-486.0,235.86,235.59,235.86,235.725
2024-10-22 08:20:02,0.0,64.0,-64.0,235.86,235.59,235.86,235.725
2024-10-22 08:20:04,0.0,16.0,-16.0,235.86,235.59,235.88,235.735
2024-10-22 08:20:07,0.0,152.0,-152.0,235.81,235.59,235.81,235.7
2024-10-22 08:20:11,0.0,152.0,-152.0,235.82,235.59,235.82,235.705
2024-10-22 08:20:33,0.0,1286.0,-1286.0,235.75,235.59,235.75,235.67
2024-10-22 08:21:04,1.0,2.0,-1.0,235.75,235.59,235.75,235.67
2024-10-22 08:21:09,1200.0,1400.0,-200.0,235.59,235.59,235.75,235.67
2024-10-22 08:21:38,0.0,3.0,-3.0,235.75,235.59,235.75,235.67
2024-10-22 08:22:11,1.0,2.0,-1.0,235.75,235.59,235.75,235.67
2024-10-22 08:22:44,260.0,56.0,204.0,235.75,235.59,235.75,235.67
2024-10-22 08:23:38,2001.0,0.0,2001.0,235.63,235.63,235.75,235.69
2024-10-22 08:23:45,1001.0,0.0,1001.0,235.64,235.64,235.75,235.695
2024-10-22 08:25:42,7588.0,3534.0,4054.0,235.9,235.64,235.9,235.77
2024-10-22 08:25:45,457.0,456.0,1.0,235.7,235.7,235.9,235.8
2024-10-22 08:25:50,0.0,32.0,-32.0,235.89,235.7,235.89,235.795
2024-10-22 08:25:53,0.0,632.0,-632.0,235.88,235.7,235.88,235.79
2024-10-22 08:25:54,0.0,64.0,-64.0,235.9,235.7,235.9,235.8
2024-10-22 08:25:55,0.0,32.0,-32.0,235.89,235.7,235.89,235.795
2024-10-22 08:25:56,0.0,32.0,-32.0,235.88,235.7,235.88,235.79
2024-10-22 08:25:58,0.0,64.0,-64.0,235.88,235.7,235.88,235.79
2024-10-22 08:25:59,0.0,64.0,-64.0,235.88,235.7,235.88,235.79
2024-10-22 08:26:00,200.0,64.0,136.0,235.88,235.7,235.88,235.79
2024-10-22 08:26:04,0.0,32.0,-32.0,235.89,235.7,235.89,235.795
2024-10-22 08:26:06,0.0,32.0,-32.0,235.9,235.7,235.9,235.8
2024-10-22 08:26:09,800.0,0.0,800.0,235.69,235.69,235.9,235.795
2024-10-22 08:26:11,0.0,64.0,-64.0,235.9,235.69,235.9,235.795
2024-10-22 08:26:12,0.0,32.0,-32.0,235.89,235.69,235.89,235.79
2024-10-22 08:26:13,0.0,32.0,-32.0,235.9,235.69,235.9,235.795
2024-10-22 08:26:14,0.0,16.0,-16.0,235.9,235.69,235.96,235.825
2024-10-22 08:26:21,0.0,200.0,-200.0,235.96,235.69,235.97,235.83
2024-10-22 08:26:27,2400.0,0.0,2400.0,235.64,235.64,235.97,235.805
2024-10-22 08:26:31,0.0,400.0,-400.0,235.93,235.64,235.93,235.785
2024-10-22 08:26:34,0.0,400.0,-400.0,235.97,235.64,235.97,235.805
2024-10-22 08:26:37,456.0,0.0,456.0,235.64,235.64,235.97,235.805
2024-10-22 08:26:38,856.0,400.0,456.0,235.95,235.64,235.95,235.795
2024-10-22 08:26:42,6000.0,507.0,5493.0,235.89,235.64,235.89,235.765
2024-10-22 08:26:43,0.0,489.0,-489.0,235.9,235.64,235.9,235.77
2024-10-22 08:26:45,454.0,0.0,454.0,235.64,235.64,235.9,235.77
2024-10-22 08:26:46,0.0,1319.0,-1319.0,235.9,235.64,235.9,235.77
2024-10-22 08:26:48,0.0,487.0,-487.0,235.91,235.64,235.91,235.775
2024-10-22 08:26:49,0.0,96.0,-96.0,235.9,235.64,235.9,235.77
2024-10-22 08:26:51,0.0,259.0,-259.0,235.91,235.64,235.91,235.775
2024-10-22 08:26:54,0.0,696.0,-696.0,235.9,235.64,235.9,235.77
2024-10-22 08:26:58,0.0,32.0,-32.0,235.89,235.64,235.89,235.765
2024-10-22 08:27:00,352.0,180.0,172.0,235.9,235.64,235.9,235.77
2024-10-22 08:27:05,0.0,32.0,-32.0,235.89,235.64,235.89,235.765
2024-10-22 08:27:09,432.0,1489.0,-1057.0,235.88,235.64,235.88,235.76
2024-10-22 08:27:12,0.0,696.0,-696.0,235.85,235.64,235.85,235.745
2024-10-22 08:27:13,0.0,16.0,-16.0,235.85,235.64,235.93,235.785
2024-10-22 08:27:40,854.0,400.0,454.0,235.92,235.64,235.92,235.78
2024-10-22 08:27:42,0.0,48.0,-48.0,235.85,235.64,235.85,235.745
2024-10-22 08:27:44,0.0,64.0,-64.0,235.83,235.64,235.83,235.735
2024-10-22 08:27:45,0.0,32.0,-32.0,235.84,235.64,235.84,235.74
2024-10-22 08:27:49,0.0,64.0,-64.0,235.84,235.64,235.84,235.74
2024-10-22 08:27:51,0.0,96.0,-96.0,235.83,235.64,235.83,235.735
2024-10-22 08:27:53,0.0,32.0,-32.0,235.84,235.64,235.84,235.74
2024-10-22 08:27:54,100.0,469.0,-369.0,235.84,235.64,235.91,235.775
2024-10-22 08:27:55,0.0,80.0,-80.0,235.83,235.64,235.83,235.735
2024-10-22 08:27:58,0.0,64.0,-64.0,235.83,235.64,235.83,235.735
2024-10-22 08:28:03,1355.0,232.0,1123.0,235.82,235.64,235.82,235.73
2024-10-22 08:28:20,0.0,32.0,-32.0,235.81,235.64,235.81,235.725
2024-10-22 08:28:21,0.0,32.0,-32.0,235.82,235.64,235.82,235.73
2024-10-22 08:28:22,0.0,48.0,-48.0,235.81,235.64,235.95,235.795
2024-10-22 08:28:36,800.0,656.0,144.0,235.94,235.64,235.94,235.79
2024-10-22 08:28:42,0.0,16.0,-16.0,235.8,235.64,235.8,235.72
2024-10-22 08:28:44,200.0,914.0,-714.0,235.79,235.64,235.79,235.715
2024-10-22 08:28:45,600.0,458.0,142.0,235.8,235.64,235.8,235.72
2024-10-22 08:28:46,800.0,464.0,336.0,235.8,235.64,235.8,235.72
2024-10-22 08:28:47,0.0,96.0,-96.0,235.81,235.64,235.81,235.725
2024-10-22 08:28:48,0.0,32.0,-32.0,235.8,235.64,235.8,235.72
2024-10-22 08:28:50,0.0,64.0,-64.0,235.8,235.64,235.8,235.72
2024-10-22 08:28:52,0.0,32.0,-32.0,235.79,235.64,235.79,235.715
2024-10-22 08:28:53,0.0,96.0,-96.0,235.8,235.64,235.8,235.72
2024-10-22 08:28:55,0.0,64.0,-64.0,235.8,235.64,235.8,235.72
2024-10-22 08:28:57,0.0,32.0,-32.0,235.81,235.64,235.81,235.725
2024-10-22 08:29:03,0.0,2032.0,-2032.0,235.8,235.64,235.8,235.72
2024-10-22 08:29:04,0.0,2048.0,-2048.0,235.79,235.64,235.94,235.79
2024-10-22 08:29:08,0.0,1200.0,-1200.0,235.95,235.64,235.95,235.795
2024-10-22 08:29:14,0.0,400.0,-400.0,235.91,235.64,235.91,235.775
2024-10-22 08:29:31,0.0,400.0,-400.0,235.9,235.64,235.9,235.77
2024-10-22 08:29:41,5556.0,878.0,4678.0,235.9,235.76,235.9,235.83
2024-10-22 08:29:42,256.0,109.0,147.0,235.79,235.76,235.79,235.775
2024-10-22 08:29:44,0.0,32.0,-32.0,235.78,235.76,235.78,235.77
2024-10-22 08:29:49,600.0,96.0,504.0,235.77,235.76,235.77,235.765
2024-10-22 08:29:50,0.0,464.0,-464.0,235.77,235.76,235.77,235.765
2024-10-22 08:29:52,0.0,128.0,-128.0,235.79,235.76,235.79,235.775
2024-10-22 08:29:53,0.0,32.0,-32.0,235.8,235.76,235.8,235.78
2024-10-22 08:29:54,0.0,64.0,-64.0,235.8,235.76,235.8,235.78
2024-10-22 08:29:55,0.0,32.0,-32.0,235.79,235.76,235.79,235.775
2024-10-22 08:29:58,0.0,64.0,-64.0,235.79,235.76,235.79,235.775
2024-10-22 08:30:00,100.0,132.0,-32.0,235.78,235.76,235.78,235.77
2024-10-22 08:30:02,0.0,216.0,-216.0,235.78,235.76,235.89,235.825
2024-10-22 08:30:03,3084.0,42.0,3042.0,235.76,235.76,235.89,235.825
2024-10-22 08:30:11,0.0,559.0,-559.0,235.88,235.76,235.88,235.82
2024-10-22 08:30:21,54.0,800.0,-746.0,235.89,235.76,235.89,235.825
2024-10-22 08:30:42,0.0,116.0,-116.0,235.82,235.76,235.82,235.79
2024-10-22 08:30:44,100.0,232.0,-132.0,235.83,235.76,235.83,235.795
2024-10-22 08:30:45,200.0,332.0,-132.0,235.84,235.76,235.84,235.8
2024-10-22 08:30:51,700.0,728.0,-28.0,235.84,235.76,235.84,235.8
2024-10-22 08:30:52,500.0,796.0,-296.0,235.83,235.76,235.83,235.795
2024-10-22 08:30:53,400.0,64.0,336.0,235.83,235.76,235.83,235.795
2024-10-22 08:30:54,1000.0,332.0,668.0,235.84,235.76,235.84,235.8
2024-10-22 08:30:55,200.0,132.0,68.0,235.83,235.76,235.83,235.795
2024-10-22 08:30:56,100.0,32.0,68.0,235.82,235.76,235.82,235.79
2024-10-22 08:30:57,300.0,32.0,268.0,235.83,235.76,235.83,235.795
2024-10-22 08:30:58,500.0,32.0,468.0,235.82,235.76,235.82,235.79
2024-10-22 08:31:01,900.0,132.0,768.0,235.83,235.76,235.83,235.795
2024-10-22 08:31:02,500.0,64.0,436.0,235.83,235.76,235.83,235.795
2024-10-22 08:31:09,2770.0,1802.0,968.0,235.82,235.64,235.83,235.735
2024-10-22 08:31:15,0.0,16.0,-16.0,235.83,235.64,235.88,235.76
2024-10-22 08:31:19,400.0,800.0,-400.0,235.92,235.64,235.92,235.78
2024-10-22 08:31:22,0.0,400.0,-400.0,235.88,235.64,235.88,235.76
2024-10-22 08:31:42,2860.0,1054.0,1806.0,235.7,235.59,235.7,235.645
2024-10-22 08:31:43,200.0,2480.0,-2280.0,235.77,235.59,235.77,235.68
2024-10-22 08:31:46,0.0,32.0,-32.0,235.78,235.59,235.78,235.685
2024-10-22 08:31:47,0.0,64.0,-64.0,235.78,235.59,235.78,235.685
2024-10-22 08:31:56,0.0,61.0,-61.0,235.77,235.59,235.77,235.68
2024-10-22 08:31:59,0.0,96.0,-96.0,235.76,235.59,235.76,235.675
2024-10-22 08:32:00,700.0,264.0,436.0,235.76,235.6,235.76,235.68
2024-10-22 08:32:02,0.0,32.0,-32.0,235.75,235.6,235.75,235.675
2024-10-22 08:32:03,0.0,64.0,-64.0,235.75,235.6,235.75,235.675
2024-10-22 08:32:04,0.0,128.0,-128.0,235.74,235.6,235.74,235.67
2024-10-22 08:32:05,0.0,16.0,-16.0,235.74,235.6,235.8,235.7
2024-10-22 08:32:42,16.0,96.0,-80.0,235.8,235.6,235.8,235.7
2024-10-22 08:32:45,0.0,32.0,-32.0,235.8,235.6,235.8,235.7
2024-10-22 08:32:46,0.0,32.0,-32.0,235.8,235.6,235.8,235.7
2024-10-22 08:32:47,0.0,2096.0,-2096.0,235.8,235.6,235.8,235.7
2024-10-22 08:32:48,2000.0,32.0,1968.0,235.79,235.6,235.79,235.695
2024-10-22 08:32:50,0.0,96.0,-96.0,235.8,235.6,235.8,235.7
2024-10-22 08:32:51,0.0,32.0,-32.0,235.79,235.6,235.79,235.695
2024-10-22 08:32:52,0.0,32.0,-32.0,235.78,235.6,235.78,235.69
2024-10-22 08:32:53,459.0,32.0,427.0,235.79,235.6,235.79,235.695
2024-10-22 08:32:54,0.0,80.0,-80.0,235.79,235.6,235.8,235.7
2024-10-22 08:32:56,0.0,16.0,-16.0,235.79,235.6,235.79,235.695
2024-10-22 08:33:00,0.0,16.0,-16.0,235.79,235.6,235.8,235.7
2024-10-22 08:33:11,1000.0,456.0,544.0,235.8,235.6,235.8,235.7
2024-10-22 08:33:23,0.0,400.0,-400.0,235.8,235.6,235.8,235.7
2024-10-22 08:33:33,0.0,400.0,-400.0,235.8,235.6,235.8,235.7
2024-10-22 08:33:40,2001.0,0.0,2001.0,235.62,235.62,235.8,235.71
2024-10-22 08:33:42,0.0,16.0,-16.0,235.76,235.62,235.76,235.69
2024-10-22 08:33:44,600.0,522.0,78.0,235.76,235.62,235.76,235.69
2024-10-22 08:33:45,0.0,32.0,-32.0,235.77,235.62,235.77,235.695
2024-10-22 08:33:46,0.0,96.0,-96.0,235.76,235.62,235.76,235.69
2024-10-22 08:33:47,0.0,32.0,-32.0,235.75,235.62,235.75,235.685
2024-10-22 08:33:48,0.0,160.0,-160.0,235.74,235.62,235.74,235.68
2024-10-22 08:33:49,2801.0,112.0,2689.0,235.75,235.6,235.8,235.7
2024-10-22 08:33:50,800.0,16.0,784.0,235.75,235.6,235.75,235.675
2024-10-22 08:33:51,0.0,48.0,-48.0,235.74,235.6,235.8,235.7
2024-10-22 08:33:53,0.0,32.0,-32.0,235.73,235.6,235.8,235.7
2024-10-22 08:33:56,0.0,16.0,-16.0,235.73,235.6,235.73,235.665
2024-10-22 08:33:57,0.0,16.0,-16.0,235.73,235.6,235.8,235.7
2024-10-22 08:34:06,0.0,400.0,-400.0,235.78,235.6,235.78,235.69
2024-10-22 08:34:09,2001.0,0.0,2001.0,235.62,235.62,235.78,235.7
2024-10-22 08:34:11,1600.0,400.0,1200.0,235.79,235.62,235.79,235.705
2024-10-22 08:34:14,855.0,400.0,455.0,235.79,235.62,235.8,235.71
2024-10-22 08:34:36,0.0,100.0,-100.0,235.8,235.62,235.85,235.735
2024-10-22 08:34:42,0.0,16.0,-16.0,235.81,235.62,235.81,235.715
2024-10-22 08:34:47,0.0,2032.0,-2032.0,235.82,235.62,235.82,235.72
2024-10-22 08:34:48,800.0,496.0,304.0,235.8,235.62,235.8,235.71
2024-10-22 08:34:50,0.0,32.0,-32.0,235.79,235.62,235.79,235.705
2024-10-22 08:34:51,0.0,96.0,-96.0,235.78,235.62,235.78,235.7
2024-10-22 08:34:52,657.0,489.0,168.0,235.79,235.62,235.79,235.705
2024-10-22 08:34:56,0.0,64.0,-64.0,235.79,235.62,235.79,235.705
2024-10-22 08:34:59,0.0,64.0,-64.0,235.78,235.62,235.78,235.7
2024-10-22 08:35:00,200.0,608.0,-408.0,235.78,235.62,235.84,235.73
2024-10-22 08:35:09,659.0,2488.0,-1829.0,235.89,235.62,235.89,235.755
2024-10-22 08:35:10,0.0,430.0,-430.0,235.88,235.62,235.88,235.75
2024-10-22 08:35:12,0.0,258.0,-258.0,235.88,235.62,235.88,235.75
2024-10-22 08:35:20,0.0,657.0,-657.0,235.87,235.62,235.87,235.745
2024-10-22 08:35:32,2256.0,455.0,1801.0,235.89,235.62,235.89,235.755
2024-10-22 08:35:35,0.0,2400.0,-2400.0,235.86,235.62,235.86,235.74
2024-10-22 08:35:40,800.0,400.0,400.0,235.85,235.62,235.85,235.735
2024-10-22 08:35:42,0.0,16.0,-16.0,235.77,235.62,235.77,235.695
2024-10-22 08:35:46,0.0,32.0,-32.0,235.78,235.62,235.78,235.7
2024-10-22 08:35:51,0.0,32.0,-32.0,235.77,235.62,235.77,235.695
2024-10-22 08:35:54,0.0,64.0,-64.0,235.77,235.62,235.77,235.695
2024-10-22 08:35:55,0.0,32.0,-32.0,235.78,235.62,235.78,235.7
2024-10-22 08:36:01,0.0,64.0,-64.0,235.78,235.62,235.78,235.7
2024-10-22 08:36:08,0.0,96.0,-96.0,235.79,235.62,235.79,235.705
2024-10-22 08:36:09,52.0,32.0,20.0,235.78,235.62,235.78,235.7
2024-10-22 08:36:11,400.0,432.0,-32.0,235.79,235.62,235.79,235.705
2024-10-22 08:36:12,0.0,2032.0,-2032.0,235.8,235.62,235.8,235.71
2024-10-22 08:36:13,800.0,64.0,736.0,235.8,235.62,235.8,235.71
2024-10-22 08:36:14,0.0,64.0,-64.0,235.8,235.62,235.8,235.71
2024-10-22 08:36:15,0.0,4064.0,-4064.0,235.8,235.62,235.8,235.71
2024-10-22 08:36:19,0.0,16.0,-16.0,235.8,235.62,235.84,235.73
2024-10-22 08:36:42,0.0,16.0,-16.0,235.83,235.62,235.83,235.725
2024-10-22 08:36:43,0.0,64.0,-64.0,235.83,235.62,235.83,235.725
2024-10-22 08:36:46,0.0,64.0,-64.0,235.83,235.62,235.83,235.725
2024-10-22 08:36:59,0.0,432.0,-432.0,235.84,235.62,235.84,235.73
2024-10-22 08:37:01,0.0,64.0,-64.0,235.84,235.62,235.84,235.73
2024-10-22 08:37:03,0.0,96.0,-96.0,235.85,235.62,235.85,235.735
2024-10-22 08:37:05,0.0,32.0,-32.0,235.84,235.62,235.84,235.73
2024-10-22 08:37:09,0.0,96.0,-96.0,235.83,235.62,235.83,235.725
2024-10-22 08:37:12,0.0,432.0,-432.0,235.82,235.62,235.82,235.72
2024-10-22 08:37:15,0.0,64.0,-64.0,235.82,235.62,235.82,235.72
2024-10-22 08:37:16,0.0,64.0,-64.0,235.82,235.62,235.82,235.72
2024-10-22 08:37:22,0.0,16.0,-16.0,235.82,235.62,235.87,235.745
2024-10-22 08:37:42,0.0,16.0,-16.0,235.8,235.62,235.8,235.71
2024-10-22 08:37:43,0.0,32.0,-32.0,235.79,235.62,235.79,235.705
2024-10-22 08:37:45,0.0,32.0,-32.0,235.8,235.62,235.8,235.71
2024-10-22 08:37:49,0.0,64.0,-64.0,235.8,235.62,235.8,235.71
2024-10-22 08:37:50,0.0,464.0,-464.0,235.8,235.62,235.8,235.71
2024-10-22 08:37:52,0.0,32.0,-32.0,235.79,235.62,235.79,235.705
2024-10-22 08:37:56,0.0,96.0,-96.0,235.78,235.62,235.78,235.7
2024-10-22 08:38:01,0.0,64.0,-64.0,235.78,235.62,235.78,235.7
2024-10-22 08:38:04,0.0,32.0,-32.0,235.77,235.62,235.77,235.695
2024-10-22 08:38:06,0.0,32.0,-32.0,235.78,235.62,235.78,235.7
2024-10-22 08:38:11,0.0,64.0,-64.0,235.78,235.62,235.78,235.7
2024-10-22 08:38:13,0.0,32.0,-32.0,235.79,235.62,235.79,235.705
2024-10-22 08:38:14,0.0,32.0,-32.0,235.78,235.62,235.78,235.7
2024-10-22 08:38:15,0.0,32.0,-32.0,235.79,235.62,235.79,235.705
2024-10-22 08:38:19,0.0,16.0,-16.0,235.79,235.62,235.86,235.74
2024-10-22 08:38:41,1410.0,1488.0,-78.0,235.87,235.62,235.87,235.745
2024-10-22 08:38:42,0.0,105.0,-105.0,235.8,235.62,235.8,235.71
2024-10-22 08:38:43,0.0,632.0,-632.0,235.79,235.62,235.79,235.705
2024-10-22 08:38:44,0.0,32.0,-32.0,235.8,235.62,235.8,235.71
2024-10-22 08:38:45,0.0,32.0,-32.0,235.79,235.62,235.79,235.705
2024-10-22 08:38:46,0.0,32.0,-32.0,235.8,235.62,235.8,235.71
2024-10-22 08:38:50,0.0,487.0,-487.0,235.81,235.62,235.81,235.715
2024-10-22 08:38:52,0.0,32.0,-32.0,235.8,235.62,235.8,235.71
2024-10-22 08:38:53,655.0,1676.0,-1021.0,235.81,235.62,235.81,235.715
2024-10-22 08:38:54,10.0,96.0,-86.0,235.82,235.62,235.82,235.72
2024-10-22 08:38:55,0.0,112.0,-112.0,235.81,235.62,235.89,235.755
2024-10-22 08:38:56,0.0,42.0,-42.0,235.82,235.62,235.82,235.72
2024-10-22 08:38:57,0.0,16.0,-16.0,235.82,235.62,235.89,235.755
2024-10-22 08:39:02,0.0,655.0,-655.0,235.84,235.62,235.84,235.73
2024-10-22 08:39:04,0.0,629.0,-629.0,235.89,235.62,235.89,235.755
2024-10-22 08:39:08,0.0,800.0,-800.0,235.88,235.62,235.88,235.75
2024-10-22 08:39:37,0.0,654.0,-654.0,235.85,235.62,235.85,235.735
2024-10-22 08:39:42,32.0,16.0,16.0,235.85,235.62,235.85,235.735
2024-10-22 08:39:46,0.0,64.0,-64.0,235.85,235.62,235.85,235.735
2024-10-22 08:39:55,0.0,32.0,-32.0,235.85,235.62,235.85,235.735
2024-10-22 08:39:56,0.0,32.0,-32.0,235.85,235.62,235.85,235.735
2024-10-22 08:39:57,0.0,96.0,-96.0,235.85,235.62,235.85,235.735
2024-10-22 08:40:02,0.0,96.0,-96.0,235.85,235.62,235.85,235.735
2024-10-22 08:40:05,0.0,32.0,-32.0,235.85,235.62,235.85,235.735
2024-10-22 08:40:08,0.0,32.0,-32.0,235.85,235.62,235.85,235.735
2024-10-22 08:40:09,0.0,64.0,-64.0,235.84,235.62,235.84,235.73
2024-10-22 08:40:10,0.0,86.0,-86.0,235.83,235.62,235.83,235.725
2024-10-22 08:40:11,0.0,32.0,-32.0,235.84,235.62,235.84,235.73
2024-10-22 08:40:13,0.0,1288.0,-1288.0,235.83,235.62,235.83,235.725
2024-10-22 08:40:18,0.0,32.0,-32.0,235.84,235.62,235.84,235.73
2024-10-22 08:40:23,0.0,656.0,-656.0,235.84,235.62,235.84,235.73
2024-10-22 08:40:30,800.0,1253.0,-453.0,235.84,235.62,235.84,235.73
2024-10-22 08:40:37,0.0,16.0,-16.0,235.84,235.62,235.84,235.73
2024-10-22 08:40:41,0.0,400.0,-400.0,235.83,235.62,235.83,235.725
2024-10-22 08:40:42,0.0,2016.0,-2016.0,235.82,235.62,235.82,235.72
2024-10-22 08:40:47,600.0,496.0,104.0,235.81,235.62,235.81,235.715
2024-10-22 08:40:48,200.0,32.0,168.0,235.82,235.62,235.82,235.72
2024-10-22 08:40:51,0.0,64.0,-64.0,235.82,235.62,235.82,235.72
2024-10-22 08:40:52,800.0,32.0,768.0,235.81,235.62,235.81,235.715
2024-10-22 08:40:53,0.0,32.0,-32.0,235.82,235.62,235.82,235.72
2024-10-22 08:40:59,0.0,32.0,-32.0,235.82,235.62,235.82,235.72
2024-10-22 08:41:00,0.0,96.0,-96.0,235.82,235.62,235.82,235.72
2024-10-22 08:41:03,0.0,64.0,-64.0,235.82,235.62,235.82,235.72
2024-10-22 08:41:05,0.0,32.0,-32.0,235.82,235.62,235.82,235.72
2024-10-22 08:41:07,0.0,32.0,-32.0,235.82,235.62,235.82,235.72
2024-10-22 08:41:10,0.0,32.0,-32.0,235.81,235.62,235.81,235.715
2024-10-22 08:41:11,0.0,80.0,-80.0,235.81,235.62,235.82,235.72
2024-10-22 08:41:17,0.0,2400.0,-2400.0,235.85,235.62,235.85,235.735
2024-10-22 08:41:26,654.0,1200.0,-546.0,235.87,235.62,235.87,235.745
2024-10-22 08:41:33,0.0,886.0,-886.0,235.84,235.62,235.84,235.73
2024-10-22 08:41:42,0.0,1958.0,-1958.0,235.8,235.62,235.8,235.71
2024-10-22 08:41:43,0.0,1859.0,-1859.0,235.77,235.62,235.77,235.695
2024-10-22 08:42:27,454.0,518.0,-64.0,235.79,235.62,235.79,235.705
2024-10-22 08:42:28,858.0,400.0,458.0,235.81,235.62,235.81,235.715
2024-10-22 08:42:29,0.0,32.0,-32.0,235.81,235.62,235.81,235.715
2024-10-22 08:43:04,0.0,64.0,-64.0,235.81,235.62,235.81,235.715
2024-10-22 08:43:08,0.0,32.0,-32.0,235.81,235.62,235.81,235.715
2024-10-22 08:43:14,58.0,64.0,-6.0,235.81,235.62,235.81,235.715
2024-10-22 08:43:16,54.0,32.0,22.0,235.81,235.62,235.81,235.715
2024-10-22 08:43:21,0.0,32.0,-32.0,235.81,235.62,235.81,235.715
2024-10-22 08:43:25,0.0,32.0,-32.0,235.81,235.62,235.81,235.715
2024-10-22 08:43:28,0.0,64.0,-64.0,235.81,235.62,235.81,235.715
2024-10-22 08:43:31,0.0,152.0,-152.0,235.81,235.62,235.81,235.715
2024-10-22 08:43:33,0.0,16.0,-16.0,235.81,235.62,235.81,235.715
2024-10-22 08:45:53,0.0,2200.0,-2200.0,235.81,235.62,235.87,235.745
2024-10-22 08:45:54,200.0,200.0,0.0,235.82,235.62,235.82,235.72
2024-10-22 08:45:55,0.0,400.0,-400.0,235.87,235.62,235.87,235.745
2024-10-22 08:45:56,0.0,400.0,-400.0,235.86,235.62,235.86,235.74
2024-10-22 08:45:58,5257.0,2400.0,2857.0,235.62,235.62,235.87,235.745
2024-10-22 08:45:59,454.0,60.0,394.0,235.87,235.63,235.88,235.755
2024-10-22 08:46:01,452.0,525.0,-73.0,235.7,235.7,235.89,235.795
2024-10-22 08:46:03,655.0,754.0,-99.0,235.93,235.71,235.93,235.82
2024-10-22 08:46:05,3029.0,1354.0,1675.0,235.62,235.62,235.9,235.76
2024-10-22 08:46:21,56.0,853.0,-797.0,235.89,235.62,235.89,235.755
2024-10-22 08:46:29,0.0,400.0,-400.0,235.88,235.62,235.88,235.75
2024-10-22 08:46:38,0.0,215.0,-215.0,235.74,235.62,235.74,235.68
2024-10-22 08:46:45,0.0,215.0,-215.0,235.74,235.62,235.87,235.745
2024-10-22 08:46:51,0.0,832.0,-832.0,235.88,235.62,235.88,235.75
2024-10-22 08:46:59,457.0,881.0,-424.0,235.89,235.62,235.89,235.755
2024-10-22 08:47:02,0.0,400.0,-400.0,235.88,235.62,235.88,235.75
2024-10-22 08:47:04,1000.0,3088.0,-2088.0,235.7,235.62,235.7,235.66
2024-10-22 08:47:07,0.0,200.0,-200.0,235.7,235.62,235.7,235.66
2024-10-22 08:47:12,456.0,4800.0,-4344.0,235.71,235.62,235.71,235.665
2024-10-22 08:47:29,457.0,852.0,-395.0,235.72,235.62,235.72,235.67
2024-10-22 08:47:30,5.0,10.0,-5.0,235.72,235.62,235.72,235.67
2024-10-22 08:47:31,0.0,795.0,-795.0,235.71,235.62,235.71,235.665
2024-10-22 08:47:37,2552.0,100.0,2452.0,235.7,235.7,235.71,235.705
2024-10-22 08:47:41,2552.0,376.0,2176.0,235.71,235.62,235.71,235.665
2024-10-22 08:47:42,0.0,200.0,-200.0,235.71,235.62,235.71,235.665
2024-10-22 08:47:45,0.0,2600.0,-2600.0,235.69,235.62,235.69,235.655
2024-10-22 08:47:53,1.0,202.0,-201.0,235.69,235.62,235.69,235.655
2024-10-22 08:47:57,1200.0,256.0,944.0,235.69,235.62,235.69,235.655
2024-10-22 08:48:20,1600.0,858.0,742.0,235.69,235.62,235.69,235.655
2024-10-22 08:48:23,1.0,10900.0,-10899.0,235.69,235.65,235.69,235.67
2024-10-22 08:48:28,800.0,400.0,400.0,235.68,235.65,235.68,235.665
2024-10-22 08:48:48,854.0,2390.0,-1536.0,235.71,235.65,235.87,235.76
2024-10-22 08:48:49,8654.0,6722.0,1932.0,235.86,235.65,235.86,235.755
2024-10-22 08:48:51,0.0,258.0,-258.0,235.86,235.65,235.86,235.755
2024-10-22 08:48:52,0.0,600.0,-600.0,235.81,235.65,235.81,235.73
2024-10-22 08:48:56,1200.0,1055.0,145.0,235.86,235.65,235.86,235.755
2024-10-22 08:49:05,452.0,400.0,52.0,235.87,235.65,235.87,235.76
2024-10-22 08:49:22,453.0,400.0,53.0,235.88,235.65,235.88,235.765
2024-10-22 08:49:34,0.0,400.0,-400.0,235.87,235.65,235.87,235.76
2024-10-22 08:50:03,0.0,432.0,-432.0,235.88,235.65,235.88,235.765
2024-10-22 08:50:27,400.0,400.0,0.0,235.89,235.65,235.89,235.77
2024-10-22 08:50:32,0.0,400.0,-400.0,235.88,235.65,235.88,235.765
2024-10-22 08:50:47,0.0,800.0,-800.0,235.88,235.65,235.88,235.765
2024-10-22 08:50:56,0.0,400.0,-400.0,235.87,235.65,235.87,235.76
2024-10-22 08:52:21,0.0,832.0,-832.0,235.89,235.65,235.89,235.77
2024-10-22 08:52:25,0.0,464.0,-464.0,235.88,235.65,235.88,235.765
2024-10-22 08:52:35,0.0,32.0,-32.0,235.88,235.65,235.88,235.765
2024-10-22 08:52:36,0.0,96.0,-96.0,235.88,235.65,235.88,235.765
2024-10-22 08:52:39,400.0,64.0,336.0,235.88,235.65,235.88,235.765
2024-10-22 08:52:41,0.0,96.0,-96.0,235.88,235.65,235.88,235.765
2024-10-22 08:52:42,0.0,64.0,-64.0,235.88,235.65,235.88,235.765
2024-10-22 08:52:45,0.0,32.0,-32.0,235.87,235.65,235.87,235.76
2024-10-22 08:52:47,0.0,32.0,-32.0,235.88,235.65,235.88,235.765
2024-10-22 08:52:52,0.0,32.0,-32.0,235.87,235.65,235.87,235.76
2024-10-22 08:52:53,0.0,16.0,-16.0,235.87,235.65,235.88,235.765
2024-10-22 08:53:21,0.0,16.0,-16.0,235.83,235.65,235.83,235.74
2024-10-22 08:53:29,0.0,96.0,-96.0,235.85,235.65,235.85,235.75
2024-10-22 08:53:30,0.0,32.0,-32.0,235.86,235.65,235.86,235.755
2024-10-22 08:53:31,0.0,34.0,-34.0,235.85,235.65,235.85,235.75
2024-10-22 08:53:36,0.0,64.0,-64.0,235.85,235.65,235.85,235.75
2024-10-22 08:53:39,0.0,32.0,-32.0,235.84,235.65,235.84,235.745
2024-10-22 08:53:43,2886.0,2452.0,434.0,235.8,235.65,235.8,235.725
2024-10-22 08:53:45,1028.0,1310.0,-282.0,235.8,235.65,235.8,235.725
2024-10-22 08:53:46,0.0,454.0,-454.0,235.83,235.65,235.83,235.74
2024-10-22 08:53:47,800.0,800.0,0.0,235.84,235.65,235.84,235.745
2024-10-22 08:53:48,0.0,861.0,-861.0,235.8,235.65,235.8,235.725
2024-10-22 08:54:00,656.0,947.0,-291.0,235.87,235.65,235.87,235.76
2024-10-22 08:54:01,0.0,32.0,-32.0,235.86,235.65,235.86,235.755
2024-10-22 08:54:03,0.0,461.0,-461.0,235.87,235.65,235.87,235.76
2024-10-22 08:54:04,800.0,32.0,768.0,235.86,235.65,235.86,235.755
2024-10-22 08:54:05,0.0,64.0,-64.0,235.86,235.65,235.86,235.755
2024-10-22 08:54:06,0.0,32.0,-32.0,235.87,235.65,235.87,235.76
2024-10-22 08:54:09,0.0,848.0,-848.0,235.86,235.65,235.87,235.76
2024-10-22 08:54:21,0.0,16.0,-16.0,235.86,235.65,235.86,235.755
2024-10-22 08:54:24,0.0,32.0,-32.0,235.84,235.65,235.84,235.745
2024-10-22 08:54:25,0.0,64.0,-64.0,235.82,235.65,235.82,235.735
2024-10-22 08:54:26,0.0,32.0,-32.0,235.83,235.65,235.83,235.74
2024-10-22 08:54:29,0.0,21.0,-21.0,235.8,235.65,235.8,235.725
2024-10-22 08:55:00,0.0,221.0,-221.0,235.8,235.65,235.82,235.735
2024-10-22 08:55:04,0.0,64.0,-64.0,235.8,235.65,235.8,235.725
2024-10-22 08:55:06,0.0,119.0,-119.0,235.8,235.65,235.8,235.725
2024-10-22 08:55:12,0.0,32.0,-32.0,235.79,235.65,235.79,235.72
2024-10-22 08:55:14,2400.0,16.0,2384.0,235.79,235.65,235.85,235.75
2024-10-22 08:55:21,0.0,70.0,-70.0,235.78,235.65,235.79,235.72
2024-10-22 08:55:22,0.0,120.0,-120.0,235.79,235.65,235.79,235.72
2024-10-22 08:55:23,1400.0,64.0,1336.0,235.77,235.65,235.77,235.71
2024-10-22 08:55:25,0.0,32.0,-32.0,235.78,235.65,235.78,235.715
2024-10-22 08:55:26,0.0,64.0,-64.0,235.76,235.65,235.76,235.705
2024-10-22 08:55:28,600.0,64.0,536.0,235.76,235.65,235.76,235.705
2024-10-22 08:55:29,1000.0,64.0,936.0,235.76,235.65,235.76,235.705
2024-10-22 08:55:32,0.0,64.0,-64.0,235.76,235.65,235.76,235.705
2024-10-22 08:55:33,0.0,64.0,-64.0,235.76,235.65,235.76,235.705
2024-10-22 08:55:34,0.0,96.0,-96.0,235.77,235.65,235.77,235.71
2024-10-22 08:55:36,0.0,32.0,-32.0,235.76,235.65,235.76,235.705
2024-10-22 08:55:37,0.0,71.0,-71.0,235.76,235.65,235.85,235.75
2024-10-22 08:55:50,2.0,0.0,2.0,235.69,235.69,235.85,235.77
2024-10-22 08:55:54,1662.0,800.0,862.0,235.84,235.73,235.84,235.785
2024-10-22 08:55:55,0.0,453.0,-453.0,235.83,235.73,235.83,235.78
2024-10-22 08:55:56,658.0,0.0,658.0,235.75,235.65,235.83,235.74
2024-10-22 08:56:21,0.0,16.0,-16.0,235.78,235.65,235.78,235.715
2024-10-22 08:56:22,0.0,32.0,-32.0,235.77,235.65,235.77,235.71
2024-10-22 08:56:26,400.0,32.0,368.0,235.76,235.65,235.76,235.705
2024-10-22 08:56:29,0.0,32.0,-32.0,235.75,235.65,235.75,235.7
2024-10-22 08:56:33,0.0,32.0,-32.0,235.76,235.65,235.76,235.705
2024-10-22 08:56:34,0.0,32.0,-32.0,235.75,235.65,235.75,235.7
2024-10-22 08:56:36,0.0,128.0,-128.0,235.75,235.65,235.75,235.7
2024-10-22 08:56:37,0.0,32.0,-32.0,235.74,235.65,235.74,235.695
2024-10-22 08:56:39,0.0,96.0,-96.0,235.73,235.65,235.73,235.69
2024-10-22 08:56:40,0.0,264.0,-264.0,235.73,235.65,235.73,235.69
2024-10-22 08:56:42,0.0,48.0,-48.0,235.72,235.65,235.83,235.74
2024-10-22 08:56:43,0.0,48.0,-48.0,235.72,235.65,235.72,235.685
2024-10-22 08:56:44,0.0,489.0,-489.0,235.73,235.65,235.73,235.69
2024-10-22 08:56:47,400.0,16.0,384.0,235.73,235.65,235.8,235.725
2024-10-22 08:56:53,857.0,2400.0,-1543.0,235.8,235.65,235.8,235.725
2024-10-22 08:57:09,1080.0,800.0,280.0,235.79,235.65,235.79,235.72
2024-10-22 08:57:21,0.0,2016.0,-2016.0,235.74,235.65,235.74,235.695
2024-10-22 08:57:22,0.0,32.0,-32.0,235.75,235.65,235.75,235.7
2024-10-22 08:57:24,800.0,32.0,768.0,235.74,235.65,235.74,235.695
2024-10-22 08:57:25,0.0,64.0,-64.0,235.74,235.65,235.74,235.695
2024-10-22 08:57:26,0.0,64.0,-64.0,235.74,235.65,235.74,235.695
2024-10-22 08:57:27,600.0,64.0,536.0,235.74,235.65,235.74,235.695
2024-10-22 08:57:28,0.0,32.0,-32.0,235.75,235.65,235.75,235.7
2024-10-22 08:57:29,200.0,96.0,104.0,235.74,235.65,235.74,235.695
2024-10-22 08:57:32,800.0,32.0,768.0,235.75,235.65,235.75,235.7
2024-10-22 08:57:33,0.0,490.0,-490.0,235.74,235.65,235.74,235.695
2024-10-22 08:57:42,0.0,32.0,-32.0,235.75,235.65,235.75,235.7
2024-10-22 08:57:43,855.0,912.0,-57.0,235.74,235.65,235.74,235.695
2024-10-22 08:57:44,0.0,61.0,-61.0,235.75,235.65,235.75,235.7
2024-10-22 08:57:46,0.0,32.0,-32.0,235.76,235.65,235.76,235.705
2024-10-22 08:57:49,0.0,32.0,-32.0,235.75,235.65,235.75,235.7
2024-10-22 08:57:50,0.0,16.0,-16.0,235.75,235.65,235.81,235.73
2024-10-22 08:58:21,0.0,64.0,-64.0,235.74,235.65,235.81,235.73
2024-10-22 08:58:22,0.0,48.0,-48.0,235.74,235.65,235.74,235.695
2024-10-22 08:58:24,600.0,2032.0,-1432.0,235.73,235.65,235.73,235.69
2024-10-22 08:58:25,0.0,32.0,-32.0,235.74,235.65,235.74,235.695
2024-10-22 08:58:26,0.0,532.0,-532.0,235.75,235.65,235.75,235.7
2024-10-22 08:58:30,0.0,32.0,-32.0,235.74,235.65,235.74,235.695
2024-10-22 08:58:31,2086.0,2032.0,54.0,235.74,235.65,235.81,235.73
2024-10-22 08:58:32,5630.0,285.0,5345.0,235.81,235.65,235.81,235.73
2024-10-22 08:58:43,1000.0,659.0,341.0,235.8,235.65,235.8,235.725
2024-10-22 08:58:55,800.0,458.0,342.0,235.79,235.65,235.79,235.72
2024-10-22 08:58:56,1000.0,458.0,542.0,235.81,235.65,235.81,235.73
2024-10-22 08:59:06,455.0,432.0,23.0,235.83,235.65,235.83,235.74
2024-10-22 08:59:07,2680.0,2883.0,-203.0,235.79,235.65,235.79,235.72
2024-10-22 08:59:08,828.0,427.0,401.0,235.77,235.65,235.77,235.71
2024-10-22 08:59:09,1000.0,400.0,600.0,235.79,235.65,235.79,235.72
2024-10-22 08:59:10,0.0,9287.0,-9287.0,235.79,235.65,235.79,235.72
2024-10-22 08:59:16,0.0,2627.0,-2627.0,235.79,235.65,235.83,235.74
2024-10-22 08:59:18,0.0,124.0,-124.0,235.84,235.65,235.84,235.745
2024-10-22 08:59:19,0.0,96.0,-96.0,235.83,235.65,235.83,235.74
2024-10-22 08:59:20,0.0,64.0,-64.0,235.83,235.65,235.83,235.74
2024-10-22 08:59:24,0.0,922.0,-922.0,235.83,235.65,235.83,235.74
2024-10-22 08:59:28,0.0,1059.0,-1059.0,235.79,235.65,235.79,235.72
2024-10-22 08:59:33,4252.0,800.0,3452.0,235.8,235.65,235.8,235.725
2024-10-22 08:59:34,4614.0,2969.0,1645.0,235.77,235.6,235.77,235.685
2024-10-22 08:59:35,0.0,856.0,-856.0,235.78,235.6,235.78,235.69
2024-10-22 08:59:51,1259.0,562.0,697.0,235.77,235.6,235.77,235.685
2024-10-22 08:59:52,0.0,400.0,-400.0,235.76,235.6,235.76,235.68
2024-10-22 08:59:54,0.0,400.0,-400.0,235.77,235.6,235.77,235.685
2024-10-22 08:59:56,800.0,400.0,400.0,235.76,235.6,235.76,235.68
2024-10-22 09:00:00,2576.0,1101.0,1475.0,235.67,235.6,235.75,235.675
2024-10-22 09:00:01,2672.0,990.0,1682.0,235.74,235.6,235.74,235.67
2024-10-22 09:00:02,0.0,80.0,-80.0,235.74,235.6,235.75,235.675
2024-10-22 09:00:08,859.0,400.0,459.0,235.77,235.6,235.77,235.685
2024-10-22 09:00:09,0.0,400.0,-400.0,235.76,235.6,235.76,235.68
2024-10-22 09:00:17,0.0,400.0,-400.0,235.78,235.6,235.78,235.69
2024-10-22 09:00:24,0.0,2016.0,-2016.0,235.73,235.6,235.73,235.665
2024-10-22 09:00:25,200.0,32.0,168.0,235.61,235.6,235.74,235.67
2024-10-22 09:00:26,0.0,432.0,-432.0,235.73,235.6,235.73,235.665
2024-10-22 09:00:27,0.0,32.0,-32.0,235.74,235.6,235.74,235.67
2024-10-22 09:00:28,1600.0,5115.0,-3515.0,235.73,235.6,235.73,235.665
2024-10-22 09:00:29,0.0,59.0,-59.0,235.74,235.6,235.74,235.67
2024-10-22 09:00:31,0.0,64.0,-64.0,235.74,235.6,235.74,235.67
2024-10-22 09:00:34,1000.0,894.0,106.0,235.74,235.6,235.74,235.67
2024-10-22 09:00:38,0.0,64.0,-64.0,235.76,235.6,235.76,235.68
2024-10-22 09:00:39,2400.0,832.0,1568.0,235.75,235.6,235.75,235.675
2024-10-22 09:00:41,0.0,90.0,-90.0,235.74,235.6,235.74,235.67
2024-10-22 09:00:46,0.0,32.0,-32.0,235.75,235.6,235.75,235.675
2024-10-22 09:00:47,400.0,2032.0,-1632.0,235.76,235.6,235.76,235.68
2024-10-22 09:00:48,0.0,32.0,-32.0,235.77,235.6,235.77,235.685
2024-10-22 09:00:50,658.0,4096.0,-3438.0,235.76,235.6,235.76,235.68
2024-10-22 09:00:56,0.0,16.0,-16.0,235.76,235.6,235.78,235.69
2024-10-22 09:01:03,688.0,800.0,-112.0,235.79,235.6,235.79,235.695
2024-10-22 09:01:24,200.0,16.0,184.0,235.73,235.6,235.73,235.665
2024-10-22 09:01:27,0.0,64.0,-64.0,235.73,235.6,235.73,235.665
2024-10-22 09:01:28,0.0,32.0,-32.0,235.72,235.6,235.72,235.66
2024-10-22 09:01:30,0.0,32.0,-32.0,235.73,235.6,235.73,235.665
2024-10-22 09:01:31,1600.0,32.0,1568.0,235.72,235.6,235.72,235.66
2024-10-22 09:01:32,800.0,32.0,768.0,235.71,235.6,235.71,235.655
2024-10-22 09:01:33,100.0,2064.0,-1964.0,235.71,235.6,235.71,235.655
2024-10-22 09:01:34,100.0,96.0,4.0,235.72,235.6,235.72,235.66
2024-10-22 09:01:36,100.0,2032.0,-1932.0,235.73,235.6,235.73,235.665
2024-10-22 09:01:37,0.0,128.0,-128.0,235.73,235.6,235.73,235.665
2024-10-22 09:01:43,100.0,64.0,36.0,235.73,235.6,235.73,235.665
2024-10-22 09:01:46,0.0,904.0,-904.0,235.72,235.6,235.78,235.69
2024-10-22 09:01:48,0.0,4458.0,-4458.0,235.8,235.6,235.8,235.7
2024-10-22 09:01:49,800.0,2854.0,-2054.0,235.79,235.6,235.79,235.695
2024-10-22 09:02:00,800.0,456.0,344.0,235.76,235.6,235.76,235.68
2024-10-22 09:02:01,1000.0,458.0,542.0,235.79,235.6,235.79,235.695
2024-10-22 09:02:10,0.0,0.0,0.0,235.61,235.6,235.79,235.695
2024-10-22 09:02:24,657.0,512.0,145.0,235.72,235.6,235.72,235.66
2024-10-22 09:02:25,0.0,96.0,-96.0,235.72,235.6,235.72,235.66
2024-10-22 09:02:26,0.0,64.0,-64.0,235.72,235.6,235.72,235.66
2024-10-22 09:02:27,2.0,856.0,-854.0,235.6,235.6,235.72,235.66
2024-10-22 09:02:28,0.0,549.0,-549.0,235.73,235.6,235.73,235.665
2024-10-22 09:02:29,0.0,32.0,-32.0,235.72,235.6,235.72,235.66
2024-10-22 09:02:34,32.0,1074.0,-1042.0,235.73,235.6,235.73,235.665
2024-10-22 09:02:35,0.0,32.0,-32.0,235.74,235.6,235.74,235.67
2024-10-22 09:02:37,0.0,16.0,-16.0,235.74,235.6,235.78,235.69
2024-10-22 09:02:38,0.0,16.0,-16.0,235.72,235.6,235.72,235.66
2024-10-22 09:02:39,0.0,1876.0,-1876.0,235.72,235.6,235.81,235.705
2024-10-22 09:02:54,1458.0,600.0,858.0,235.82,235.6,235.82,235.71
2024-10-22 09:03:06,0.0,400.0,-400.0,235.81,235.6,235.81,235.705
2024-10-22 09:03:24,600.0,48.0,552.0,235.77,235.6,235.77,235.685
2024-10-22 09:03:27,0.0,32.0,-32.0,235.76,235.6,235.76,235.68
2024-10-22 09:03:28,0.0,32.0,-32.0,235.77,235.6,235.77,235.685
2024-10-22 09:03:30,400.0,32.0,368.0,235.76,235.6,235.76,235.68
2024-10-22 09:03:31,0.0,32.0,-32.0,235.77,235.6,235.77,235.685
2024-10-22 09:03:33,0.0,32.0,-32.0,235.78,235.6,235.78,235.69
2024-10-22 09:03:35,0.0,64.0,-64.0,235.78,235.6,235.78,235.69
2024-10-22 09:03:39,0.0,32.0,-32.0,235.79,235.6,235.79,235.695
2024-10-22 09:03:41,0.0,96.0,-96.0,235.78,235.6,235.78,235.69
2024-10-22 09:03:42,0.0,928.0,-928.0,235.76,235.6,235.76,235.68
2024-10-22 09:03:43,0.0,32.0,-32.0,235.75,235.6,235.75,235.675
2024-10-22 09:03:45,600.0,80.0,520.0,235.75,235.6,235.79,235.695
2024-10-22 09:03:51,0.0,400.0,-400.0,235.78,235.6,235.78,235.69
2024-10-22 09:03:53,0.0,1200.0,-1200.0,235.83,235.6,235.83,235.715
2024-10-22 09:04:00,0.0,400.0,-400.0,235.82,235.6,235.82,235.71
2024-10-22 09:04:03,0.0,453.0,-453.0,235.81,235.6,235.81,235.705
2024-10-22 09:04:24,0.0,48.0,-48.0,235.75,235.6,235.75,235.675
2024-10-22 09:04:28,0.0,32.0,-32.0,235.74,235.6,235.74,235.67
2024-10-22 09:04:35,0.0,32.0,-32.0,235.73,235.6,235.73,235.665
2024-10-22 09:04:36,0.0,64.0,-64.0,235.73,235.6,235.73,235.665
2024-10-22 09:04:37,0.0,64.0,-64.0,235.73,235.6,235.73,235.665
2024-10-22 09:04:39,0.0,160.0,-160.0,235.74,235.6,235.74,235.67
2024-10-22 09:04:41,0.0,64.0,-64.0,235.74,235.6,235.74,235.67
2024-10-22 09:04:47,0.0,32.0,-32.0,235.75,235.6,235.75,235.675
2024-10-22 09:04:48,0.0,32.0,-32.0,235.76,235.6,235.76,235.68
2024-10-22 09:04:50,0.0,32.0,-32.0,235.77,235.6,235.77,235.685
2024-10-22 09:04:53,0.0,64.0,-64.0,235.77,235.6,235.77,235.685
2024-10-22 09:04:57,200.0,669.0,-469.0,235.82,235.6,235.82,235.71
2024-10-22 09:04:59,200.0,1257.0,-1057.0,235.82,235.6,235.82,235.71
2024-10-22 09:05:00,200.0,800.0,-600.0,235.85,235.6,235.85,235.725
2024-10-22 09:05:05,0.0,858.0,-858.0,235.84,235.6,235.84,235.72
2024-10-22 09:05:19,1600.0,854.0,746.0,235.83,235.6,235.83,235.715
2024-10-22 09:05:24,0.0,48.0,-48.0,235.75,235.6,235.75,235.675
2024-10-22 09:05:25,0.0,32.0,-32.0,235.74,235.6,235.74,235.67
2024-10-22 09:05:27,0.0,96.0,-96.0,235.75,235.6,235.75,235.675
2024-10-22 09:05:36,0.0,32.0,-32.0,235.77,235.6,235.77,235.685
2024-10-22 09:05:40,0.0,32.0,-32.0,235.76,235.6,235.76,235.68
2024-10-22 09:05:41,0.0,64.0,-64.0,235.76,235.6,235.76,235.68
2024-10-22 09:05:42,0.0,32.0,-32.0,235.75,235.6,235.75,235.675
2024-10-22 09:05:43,0.0,64.0,-64.0,235.75,235.6,235.75,235.675
2024-10-22 09:05:44,0.0,32.0,-32.0,235.76,235.6,235.76,235.68
2024-10-22 09:05:46,0.0,64.0,-64.0,235.78,235.6,235.78,235.69
2024-10-22 09:05:51,0.0,32.0,-32.0,235.79,235.6,235.79,235.695
2024-10-22 09:05:56,0.0,32.0,-32.0,235.78,235.6,235.78,235.69
2024-10-22 09:05:58,0.0,119.0,-119.0,235.78,235.6,235.78,235.69
2024-10-22 09:06:01,0.0,16.0,-16.0,235.78,235.6,235.85,235.725
2024-10-22 09:06:03,200.0,656.0,-456.0,235.83,235.6,235.83,235.715
2024-10-22 09:06:19,0.0,1260.0,-1260.0,235.83,235.6,235.83,235.715
2024-10-22 09:06:24,0.0,16.0,-16.0,235.77,235.6,235.77,235.685
2024-10-22 09:06:26,0.0,32.0,-32.0,235.78,235.6,235.78,235.69
2024-10-22 09:06:29,0.0,32.0,-32.0,235.79,235.6,235.79,235.695
2024-10-22 09:06:30,0.0,64.0,-64.0,235.79,235.6,235.79,235.695
2024-10-22 09:06:31,0.0,32.0,-32.0,235.8,235.6,235.8,235.7
2024-10-22 09:06:34,0.0,32.0,-32.0,235.79,235.6,235.79,235.695
2024-10-22 09:06:35,200.0,432.0,-232.0,235.77,235.6,235.77,235.685
2024-10-22 09:06:39,2000.0,432.0,1568.0,235.78,235.6,235.78,235.69
2024-10-22 09:06:40,0.0,2064.0,-2064.0,235.78,235.6,235.78,235.69
2024-10-22 09:06:44,0.0,32.0,-32.0,235.77,235.6,235.77,235.685
2024-10-22 09:06:47,0.0,32.0,-32.0,235.78,235.6,235.78,235.69
2024-10-22 09:06:50,0.0,32.0,-32.0,235.77,235.6,235.77,235.685
2024-10-22 09:06:51,0.0,32.0,-32.0,235.78,235.6,235.78,235.69
2024-10-22 09:06:52,0.0,64.0,-64.0,235.78,235.6,235.78,235.69
2024-10-22 09:06:53,0.0,32.0,-32.0,235.79,235.6,235.79,235.695
2024-10-22 09:06:54,0.0,64.0,-64.0,235.79,235.6,235.79,235.695
2024-10-22 09:06:57,0.0,16.0,-16.0,235.79,235.6,235.82,235.71
2024-10-22 09:07:21,454.0,456.0,-2.0,235.84,235.6,235.84,235.72
2024-10-22 09:07:24,0.0,16.0,-16.0,235.82,235.6,235.82,235.71
2024-10-22 09:07:26,0.0,32.0,-32.0,235.83,235.6,235.83,235.715
2024-10-22 09:07:27,0.0,32.0,-32.0,235.82,235.6,235.82,235.71
2024-10-22 09:07:28,0.0,32.0,-32.0,235.83,235.6,235.83,235.715
2024-10-22 09:07:30,856.0,32.0,824.0,235.82,235.6,235.82,235.71
2024-10-22 09:07:35,55.0,64.0,-9.0,235.82,235.6,235.82,235.71
2024-10-22 09:07:37,0.0,32.0,-32.0,235.81,235.6,235.81,235.705
2024-10-22 09:07:38,0.0,32.0,-32.0,235.82,235.6,235.82,235.71
2024-10-22 09:07:41,0.0,32.0,-32.0,235.81,235.6,235.81,235.705
2024-10-22 09:07:43,0.0,32.0,-32.0,235.8,235.6,235.8,235.7
2024-10-22 09:07:44,458.0,32.0,426.0,235.78,235.6,235.78,235.69
2024-10-22 09:07:45,200.0,32.0,168.0,235.77,235.6,235.77,235.685
2024-10-22 09:07:47,0.0,32.0,-32.0,235.76,235.6,235.76,235.68
2024-10-22 09:07:50,0.0,32.0,-32.0,235.77,235.6,235.77,235.685
2024-10-22 09:07:52,0.0,32.0,-32.0,235.78,235.6,235.78,235.69
2024-10-22 09:07:55,0.0,32.0,-32.0,235.77,235.6,235.77,235.685
2024-10-22 09:07:56,0.0,32.0,-32.0,235.78,235.6,235.78,235.69
2024-10-22 09:07:57,600.0,32.0,568.0,235.77,235.6,235.77,235.685
2024-10-22 09:08:02,0.0,848.0,-848.0,235.78,235.6,235.83,235.715
2024-10-22 09:08:22,0.0,200.0,-200.0,235.83,235.6,235.83,235.715
2024-10-22 09:08:24,0.0,80.0,-80.0,235.78,235.6,235.78,235.69
2024-10-22 09:08:25,1200.0,718.0,482.0,235.78,235.6,235.78,235.69
2024-10-22 09:08:26,0.0,128.0,-128.0,235.78,235.6,235.78,235.69
2024-10-22 09:08:28,0.0,128.0,-128.0,235.78,235.6,235.78,235.69
2024-10-22 09:08:29,0.0,32.0,-32.0,235.79,235.6,235.79,235.695
2024-10-22 09:08:30,0.0,32.0,-32.0,235.78,235.6,235.78,235.69
2024-10-22 09:08:31,0.0,32.0,-32.0,235.79,235.6,235.79,235.695
2024-10-22 09:08:32,0.0,32.0,-32.0,235.78,235.6,235.78,235.69
2024-10-22 09:08:33,0.0,32.0,-32.0,235.79,235.6,235.79,235.695
2024-10-22 09:08:35,400.0,248.0,152.0,235.78,235.6,235.82,235.71
2024-10-22 09:08:38,0.0,216.0,-216.0,235.77,235.6,235.77,235.685
2024-10-22 09:08:41,0.0,16.0,-16.0,235.77,235.6,235.82,235.71
2024-10-22 09:08:47,255.0,1600.0,-1345.0,235.8,235.6,235.8,235.7
2024-10-22 09:08:52,0.0,10.0,-10.0,235.71,235.6,235.71,235.655
2024-10-22 09:09:26,0.0,0.0,0.0,235.7,235.6,235.71,235.655
2024-10-22 09:13:12,0.0,690.0,-690.0,235.71,235.6,235.71,235.655
2024-10-22 09:13:13,658.0,1289.0,-631.0,235.71,235.6,235.71,235.655
2024-10-22 09:13:14,659.0,32.0,627.0,235.71,235.6,235.71,235.655
2024-10-22 09:13:15,0.0,32.0,-32.0,235.7,235.6,235.7,235.65
2024-10-22 09:13:16,0.0,32.0,-32.0,235.71,235.6,235.71,235.655
2024-10-22 09:13:18,32.0,490.0,-458.0,235.7,235.6,235.7,235.65
2024-10-22 09:13:20,0.0,32.0,-32.0,235.69,235.6,235.69,235.645
2024-10-22 09:13:22,959.0,64.0,895.0,235.7,235.6,235.7,235.65
2024-10-22 09:13:23,872.0,564.0,308.0,235.7,235.6,235.7,235.65
2024-10-22 09:13:24,800.0,128.0,672.0,235.71,235.6,235.71,235.655
2024-10-22 09:13:25,0.0,464.0,-464.0,235.71,235.6,235.71,235.655
2024-10-22 09:13:27,800.0,32.0,768.0,235.71,235.6,235.71,235.655
2024-10-22 09:13:31,0.0,32.0,-32.0,235.7,235.6,235.7,235.65
2024-10-22 09:13:33,0.0,32.0,-32.0,235.71,235.6,235.71,235.655
2024-10-22 09:13:36,0.0,32.0,-32.0,235.7,235.6,235.7,235.65
2024-10-22 09:13:37,800.0,432.0,368.0,235.69,235.6,235.69,235.645
2024-10-22 09:13:38,858.0,64.0,794.0,235.69,235.6,235.69,235.645
2024-10-22 09:13:41,800.0,416.0,384.0,235.69,235.6,235.71,235.655
2024-10-22 09:14:20,600.0,48.0,552.0,235.66,235.6,235.66,235.63
2024-10-22 09:14:21,200.0,913.0,-713.0,235.65,235.6,235.65,235.625
2024-10-22 09:14:22,200.0,92.0,108.0,235.65,235.6,235.65,235.625
2024-10-22 09:14:23,0.0,32.0,-32.0,235.66,235.6,235.66,235.63
2024-10-22 09:14:24,0.0,64.0,-64.0,235.66,235.6,235.66,235.63
2024-10-22 09:14:28,0.0,96.0,-96.0,235.67,235.6,235.67,235.635
2024-10-22 09:14:30,0.0,32.0,-32.0,235.66,235.6,235.66,235.63
2024-10-22 09:14:44,0.0,32.0,-32.0,235.65,235.6,235.65,235.625
2024-10-22 09:14:47,0.0,85.0,-85.0,235.66,235.6,235.66,235.63
2024-10-22 09:14:48,1000.0,3345.0,-2345.0,235.66,235.6,235.66,235.63
2024-10-22 09:14:49,0.0,124.0,-124.0,235.67,235.6,235.67,235.635
2024-10-22 09:14:54,600.0,274.0,326.0,235.67,235.6,235.71,235.655
2024-10-22 09:14:55,200.0,1430.0,-1230.0,235.69,235.6,235.71,235.655
2024-10-22 09:15:20,0.0,16.0,-16.0,235.67,235.6,235.67,235.635
2024-10-22 09:15:22,20.0,10.0,10.0,235.6,235.6,235.67,235.635
2024-10-22 09:15:24,1453.0,1289.0,164.0,235.68,235.6,235.68,235.64
2024-10-22 09:15:26,0.0,32.0,-32.0,235.67,235.6,235.67,235.635
2024-10-22 09:15:27,0.0,32.0,-32.0,235.66,235.6,235.66,235.63
2024-10-22 09:15:28,0.0,489.0,-489.0,235.67,235.6,235.67,235.635
2024-10-22 09:15:30,0.0,64.0,-64.0,235.67,235.6,235.67,235.635
2024-10-22 09:15:33,600.0,2432.0,-1832.0,235.66,235.6,235.66,235.63
2024-10-22 09:15:35,1000.0,3313.0,-2313.0,235.67,235.6,235.67,235.635
2024-10-22 09:15:36,600.0,832.0,-232.0,235.66,235.6,235.66,235.63
2024-10-22 09:15:38,0.0,32.0,-32.0,235.65,235.6,235.65,235.625
2024-10-22 09:15:40,0.0,64.0,-64.0,235.65,235.6,235.65,235.625
2024-10-22 09:15:42,0.0,32.0,-32.0,235.66,235.6,235.66,235.63
2024-10-22 09:15:43,0.0,32.0,-32.0,235.65,235.6,235.65,235.625
2024-10-22 09:15:53,57.0,32.0,25.0,235.66,235.6,235.66,235.63
2024-10-22 09:15:54,0.0,32.0,-32.0,235.65,235.6,235.65,235.625
2024-10-22 09:15:58,0.0,32.0,-32.0,235.64,235.6,235.64,235.62
2024-10-22 09:15:59,200.0,264.0,-64.0,235.64,235.6,235.64,235.62
2024-10-22 09:16:00,382.0,307.0,75.0,235.6,235.6,235.71,235.655
2024-10-22 09:16:01,310.0,2908.0,-2598.0,235.7,235.6,235.7,235.65
2024-10-22 09:16:02,5540.0,1224.0,4316.0,235.7,235.6,235.7,235.65
2024-10-22 09:16:03,2968.0,5141.0,-2173.0,235.6,235.6,235.71,235.655
2024-10-22 09:16:05,1140.0,970.0,170.0,235.7,235.6,235.71,235.655
2024-10-22 09:16:06,1082.0,91.0,991.0,235.6,235.6,235.71,235.655
2024-10-22 09:16:07,1762.0,1064.0,698.0,235.6,235.6,235.71,235.655
2024-10-22 09:16:08,1040.0,370.0,670.0,235.65,235.6,235.71,235.655
2024-10-22 09:16:10,1956.0,0.0,1956.0,235.6,235.6,235.71,235.655
2024-10-22 09:16:20,234.0,33.0,201.0,235.69,235.6,235.69,235.645
2024-10-22 09:16:22,100.0,32.0,68.0,235.68,235.6,235.68,235.64
2024-10-22 09:16:23,0.0,64.0,-64.0,235.68,235.6,235.68,235.64
2024-10-22 09:16:24,0.0,96.0,-96.0,235.69,235.6,235.69,235.645
2024-10-22 09:16:25,885.0,32.0,853.0,235.68,235.6,235.68,235.64
2024-10-22 09:16:26,1168.0,234.0,934.0,235.68,235.6,235.68,235.64
2024-10-22 09:16:27,0.0,32.0,-32.0,235.67,235.6,235.67,235.635
2024-10-22 09:16:28,0.0,1656.0,-1656.0,235.67,235.6,235.67,235.635
2024-10-22 09:16:31,1760.0,344.0,1416.0,235.67,235.6,235.67,235.635
2024-10-22 09:16:32,0.0,1296.0,-1296.0,235.69,235.6,235.69,235.645
2024-10-22 09:16:34,0.0,2496.0,-2496.0,235.67,235.6,235.67,235.635
2024-10-22 09:16:36,658.0,800.0,-142.0,235.69,235.6,235.69,235.645
2024-10-22 09:16:44,102.0,1.0,101.0,235.6,235.6,235.69,235.645
2024-10-22 09:16:49,0.0,3000.0,-3000.0,235.7,235.6,235.7,235.65
2024-10-22 09:16:51,3122.0,4211.0,-1089.0,235.64,235.5,235.64,235.57
2024-10-22 09:16:52,4115.0,4100.0,15.0,235.7,235.5,235.7,235.6
2024-10-22 09:16:53,1030.0,4710.0,-3680.0,235.66,235.5,235.66,235.58
2024-10-22 09:16:55,626.0,685.0,-59.0,235.68,235.5,235.68,235.59
2024-10-22 09:16:58,0.0,800.0,-800.0,235.7,235.5,235.7,235.6
2024-10-22 09:17:11,0.0,907.0,-907.0,235.67,235.5,235.67,235.585
2024-10-22 09:17:12,0.0,882.0,-882.0,235.7,235.5,235.7,235.6
2024-10-22 09:17:15,0.0,56.0,-56.0,235.69,235.5,235.69,235.595
2024-10-22 09:17:16,0.0,826.0,-826.0,235.67,235.5,235.67,235.585
2024-10-22 09:17:17,0.0,660.0,-660.0,235.66,235.5,235.66,235.58
2024-10-22 09:17:21,0.0,600.0,-600.0,235.63,235.5,235.63,235.565
2024-10-22 09:17:27,0.0,432.0,-432.0,235.66,235.5,235.66,235.58
2024-10-22 09:17:28,0.0,464.0,-464.0,235.61,235.5,235.61,235.555
2024-10-22 09:17:51,0.0,456.0,-456.0,235.6,235.5,235.6,235.55
2024-10-22 09:17:59,0.0,400.0,-400.0,235.61,235.5,235.61,235.555
2024-10-22 09:18:20,0.0,400.0,-400.0,235.6,235.5,235.6,235.55
2024-10-22 09:18:25,0.0,400.0,-400.0,235.61,235.5,235.61,235.555
2024-10-22 09:18:36,0.0,400.0,-400.0,235.6,235.5,235.6,235.55
2024-10-22 09:18:48,4403.0,0.0,4403.0,235.54,235.54,235.6,235.57
2024-10-22 09:19:02,600.0,400.0,200.0,235.61,235.54,235.61,235.575
2024-10-22 09:19:04,6273.0,4342.0,1931.0,235.6,235.5,235.61,235.555
2024-10-22 09:19:18,0.0,800.0,-800.0,235.62,235.5,235.62,235.56
2024-10-22 09:19:28,0.0,400.0,-400.0,235.61,235.5,235.61,235.555
2024-10-22 09:19:32,202.0,1.0,201.0,235.5,235.5,235.61,235.555
2024-10-22 09:20:05,0.0,453.0,-453.0,235.6,235.5,235.6,235.55
2024-10-22 09:20:42,800.0,453.0,347.0,235.62,235.5,235.62,235.56
2024-10-22 09:20:50,859.0,400.0,459.0,235.63,235.5,235.63,235.565
2024-10-22 09:20:53,600.0,400.0,200.0,235.62,235.5,235.62,235.56
2024-10-22 09:21:07,0.0,232.0,-232.0,235.62,235.5,235.62,235.56
2024-10-22 09:21:33,0.0,600.0,-600.0,235.61,235.5,235.61,235.555
2024-10-22 09:21:37,1654.0,200.0,1454.0,235.61,235.5,235.61,235.555
2024-10-22 09:21:41,0.0,854.0,-854.0,235.6,235.5,235.6,235.55
2024-10-22 09:21:49,0.0,800.0,-800.0,235.61,235.5,235.61,235.555
2024-10-22 09:21:51,0.0,39.0,-39.0,235.59,235.5,235.59,235.545
2024-10-22 09:22:01,0.0,78.0,-78.0,235.58,235.5,235.58,235.54
2024-10-22 09:22:02,0.0,78.0,-78.0,235.57,235.5,235.57,235.535
2024-10-22 09:22:10,5688.0,8300.0,-2612.0,235.56,235.44,235.57,235.505
2024-10-22 09:22:29,100.0,2278.0,-2178.0,235.5,235.44,235.5,235.47
2024-10-22 09:22:35,4129.0,2710.0,1419.0,235.58,235.44,235.58,235.51
2024-10-22 09:22:45,0.0,400.0,-400.0,235.57,235.44,235.57,235.505
2024-10-22 09:23:05,800.0,400.0,400.0,235.59,235.44,235.59,235.515
2024-10-22 09:23:06,0.0,400.0,-400.0,235.58,235.44,235.58,235.51
2024-10-22 09:23:16,2610.0,37.0,2573.0,235.44,235.44,235.58,235.51
2024-10-22 09:23:18,5460.0,13485.0,-8025.0,235.5,235.31,235.5,235.405
2024-10-22 09:23:20,0.0,487.0,-487.0,235.55,235.31,235.55,235.43
2024-10-22 09:23:21,400.0,464.0,-64.0,235.52,235.31,235.52,235.415
2024-10-22 09:23:32,800.0,1032.0,-232.0,235.5,235.31,235.5,235.405
2024-10-22 09:23:33,11894.0,6006.0,5888.0,235.5,235.31,235.5,235.405
2024-10-22 09:23:36,30.0,2690.0,-2660.0,235.47,235.31,235.47,235.39
2024-10-22 09:23:38,857.0,400.0,457.0,235.48,235.31,235.48,235.395
2024-10-22 09:23:41,1600.0,1656.0,-56.0,235.47,235.31,235.47,235.39
2024-10-22 09:23:43,0.0,800.0,-800.0,235.46,235.31,235.46,235.385
2024-10-22 09:23:46,0.0,97.0,-97.0,235.42,235.31,235.42,235.365
2024-10-22 09:23:54,0.0,400.0,-400.0,235.42,235.31,235.42,235.365
2024-10-22 09:24:08,0.0,0.0,0.0,235.4,235.31,235.42,235.365
2024-10-22 09:24:21,800.0,400.0,400.0,235.42,235.31,235.42,235.365
2024-10-22 09:24:31,600.0,1000.0,-400.0,235.42,235.31,235.42,235.365
2024-10-22 09:25:01,128.0,126.0,2.0,235.4,235.31,235.42,235.365
2024-10-22 09:25:02,0.0,400.0,-400.0,235.41,235.31,235.41,235.36
2024-10-22 09:25:03,3555.0,9610.0,-6055.0,235.24,235.24,235.31,235.275
2024-10-22 09:25:04,3629.0,3716.0,-87.0,235.39,235.24,235.39,235.315
2024-10-22 09:25:05,0.0,232.0,-232.0,235.4,235.24,235.4,235.32
2024-10-22 09:25:08,56.0,64.0,-8.0,235.4,235.24,235.4,235.32
2024-10-22 09:25:09,0.0,32.0,-32.0,235.39,235.24,235.39,235.315
2024-10-22 09:25:10,0.0,64.0,-64.0,235.39,235.24,235.39,235.315
2024-10-22 09:25:12,0.0,32.0,-32.0,235.4,235.24,235.4,235.32
2024-10-22 09:25:14,800.0,37.0,763.0,235.41,235.24,235.41,235.325
2024-10-22 09:25:15,1000.0,32.0,968.0,235.4,235.24,235.4,235.32
2024-10-22 09:25:16,0.0,64.0,-64.0,235.38,235.24,235.38,235.31
2024-10-22 09:25:17,0.0,32.0,-32.0,235.39,235.24,235.39,235.315
2024-10-22 09:25:19,0.0,64.0,-64.0,235.39,235.24,235.39,235.315
2024-10-22 09:25:23,0.0,112.0,-112.0,235.38,235.24,235.42,235.33
2024-10-22 09:25:46,400.0,400.0,0.0,235.42,235.24,235.42,235.33
2024-10-22 09:25:59,0.0,30.0,-30.0,235.34,235.24,235.34,235.29
2024-10-22 09:26:07,7752.0,92.0,7660.0,235.29,235.29,235.42,235.355
2024-10-22 09:26:08,1856.0,862.0,994.0,235.42,235.29,235.42,235.355
2024-10-22 09:26:09,0.0,32.0,-32.0,235.42,235.29,235.42,235.355
2024-10-22 09:26:18,828.0,32.0,796.0,235.42,235.29,235.42,235.355
2024-10-22 09:26:19,800.0,32.0,768.0,235.42,235.29,235.42,235.355
2024-10-22 09:26:21,27.0,64.0,-37.0,235.42,235.29,235.42,235.355
2024-10-22 09:26:22,0.0,160.0,-160.0,235.42,235.29,235.42,235.355
2024-10-22 09:26:23,827.0,96.0,731.0,235.42,235.29,235.42,235.355
2024-10-22 09:26:25,800.0,32.0,768.0,235.42,235.29,235.42,235.355
2024-10-22 09:26:26,6559.0,3396.0,3163.0,235.42,235.19,235.42,235.305
2024-10-22 09:26:27,0.0,2072.0,-2072.0,235.42,235.19,235.42,235.305
2024-10-22 09:26:47,0.0,400.0,-400.0,235.42,235.19,235.42,235.305
2024-10-22 09:26:56,456.0,800.0,-344.0,235.41,235.19,235.41,235.3
2024-10-22 09:27:01,3453.0,12266.0,-8813.0,235.41,235.08,235.41,235.245
2024-10-22 09:27:02,0.0,6600.0,-6600.0,235.4,235.08,235.4,235.24
2024-10-22 09:27:03,96.0,45.0,51.0,235.09,235.09,235.4,235.245
2024-10-22 09:27:05,64.0,32.0,32.0,235.11,235.11,235.4,235.255
2024-10-22 09:27:06,32.0,0.0,32.0,235.1,235.1,235.4,235.25
2024-10-22 09:27:08,64.0,91.0,-27.0,235.08,235.08,235.4,235.24
2024-10-22 09:27:09,32.0,0.0,32.0,235.09,235.09,235.4,235.245
2024-10-22 09:27:13,164.0,32.0,132.0,235.09,235.09,235.4,235.245
2024-10-22 09:27:14,5664.0,2160.0,3504.0,235.38,235.05,235.38,235.215
2024-10-22 09:27:15,3955.0,7537.0,-3582.0,235.25,235.0,235.25,235.125
2024-10-22 09:27:16,2900.0,64.0,2836.0,235.25,235.0,235.25,235.125
2024-10-22 09:27:17,1200.0,1458.0,-258.0,235.0,235.0,235.25,235.125
2024-10-22 09:27:18,4900.0,11889.0,-6989.0,235.24,235.0,235.24,235.12
2024-10-22 09:27:19,1400.0,16.0,1384.0,235.24,235.0,235.28,235.14
2024-10-22 09:27:21,0.0,2800.0,-2800.0,235.31,235.0,235.31,235.155
2024-10-22 09:27:27,500.0,4400.0,-3900.0,235.3,235.0,235.3,235.15
2024-10-22 09:27:30,0.0,800.0,-800.0,235.31,235.0,235.31,235.155
2024-10-22 09:27:34,300.0,0.0,300.0,235.05,235.05,235.31,235.18
2024-10-22 09:27:46,100.0,0.0,100.0,235.05,235.05,235.31,235.18
2024-10-22 09:27:51,400.0,400.0,0.0,235.3,235.05,235.3,235.175
2024-10-22 09:27:52,602.0,56.0,546.0,235.08,235.05,235.3,235.175
2024-10-22 09:27:53,1055.0,2854.0,-1799.0,235.32,235.05,235.32,235.185
2024-10-22 09:27:59,1053.0,910.0,143.0,235.3,235.05,235.3,235.175
2024-10-22 09:28:03,100.0,4016.0,-3916.0,235.21,235.05,235.21,235.13
2024-10-22 09:28:07,0.0,32.0,-32.0,235.22,235.05,235.22,235.135
2024-10-22 09:28:08,0.0,6124.0,-6124.0,235.23,235.05,235.23,235.14
2024-10-22 09:28:12,59.0,488.0,-429.0,235.22,235.05,235.22,235.135
2024-10-22 09:28:13,0.0,96.0,-96.0,235.21,235.05,235.21,235.13
2024-10-22 09:28:21,0.0,64.0,-64.0,235.21,235.05,235.21,235.13
2024-10-22 09:28:23,0.0,64.0,-64.0,235.2,235.05,235.21,235.13
2024-10-22 09:28:24,0.0,32.0,-32.0,235.22,235.05,235.22,235.135
2024-10-22 09:28:25,0.0,32.0,-32.0,235.21,235.05,235.21,235.13
2024-10-22 09:28:26,0.0,32.0,-32.0,235.22,235.05,235.22,235.135
2024-10-22 09:28:28,400.0,64.0,336.0,235.22,235.05,235.22,235.135
2024-10-22 09:28:29,0.0,87.0,-87.0,235.23,235.05,235.23,235.14
2024-10-22 09:28:30,0.0,32.0,-32.0,235.22,235.05,235.22,235.135
2024-10-22 09:28:43,0.0,16.0,-16.0,235.22,235.05,235.27,235.16
2024-10-22 09:28:48,1658.0,1656.0,2.0,235.29,235.05,235.29,235.17
2024-10-22 09:28:54,0.0,855.0,-855.0,235.28,235.05,235.28,235.165
2024-10-22 09:28:56,0.0,0.0,0.0,235.06,235.05,235.28,235.165
2024-10-22 09:28:58,0.0,200.0,-200.0,235.28,235.05,235.28,235.165
2024-10-22 09:29:03,0.0,16.0,-16.0,235.24,235.05,235.24,235.145
2024-10-22 09:29:04,0.0,112.0,-112.0,235.23,235.05,235.28,235.165
2024-10-22 09:29:05,0.0,80.0,-80.0,235.24,235.05,235.24,235.145
2024-10-22 09:29:11,0.0,64.0,-64.0,235.24,235.05,235.24,235.145
2024-10-22 09:29:13,0.0,32.0,-32.0,235.23,235.05,235.23,235.14
2024-10-22 09:29:14,0.0,32.0,-32.0,235.24,235.05,235.24,235.145
2024-10-22 09:29:15,0.0,32.0,-32.0,235.23,235.05,235.23,235.14
2024-10-22 09:29:18,0.0,32.0,-32.0,235.24,235.05,235.24,235.145
2024-10-22 09:29:19,0.0,128.0,-128.0,235.24,235.05,235.24,235.145
2024-10-22 09:29:20,854.0,89.0,765.0,235.25,235.05,235.25,235.15
2024-10-22 09:29:22,600.0,921.0,-321.0,235.27,235.05,235.27,235.16
2024-10-22 09:29:23,600.0,73.0,527.0,235.27,235.05,235.29,235.17
2024-10-22 09:29:33,0.0,200.0,-200.0,235.29,235.05,235.29,235.17
2024-10-22 09:29:36,0.0,200.0,-200.0,235.29,235.05,235.29,235.17
2024-10-22 09:29:38,1310.0,800.0,510.0,235.28,235.05,235.28,235.165
2024-10-22 09:29:40,5.0,0.0,5.0,235.06,235.06,235.28,235.17
2024-10-22 09:29:42,10.0,2287.0,-2277.0,235.17,235.05,235.17,235.11
2024-10-22 09:29:43,2108.0,5129.0,-3021.0,235.28,235.05,235.28,235.165
2024-10-22 09:29:46,0.0,400.0,-400.0,235.28,235.05,235.28,235.165
2024-10-22 09:30:00,500.0,600.0,-100.0,235.27,235.05,235.27,235.16
2024-10-22 09:30:03,400.0,2016.0,-1616.0,235.23,235.05,235.23,235.14
2024-10-22 09:30:04,0.0,32.0,-32.0,235.24,235.05,235.24,235.145
2024-10-22 09:30:06,0.0,32.0,-32.0,235.23,235.05,235.23,235.14
2024-10-22 09:30:10,0.0,64.0,-64.0,235.23,235.05,235.23,235.14
2024-10-22 09:30:16,100.0,64.0,36.0,235.23,235.05,235.23,235.14
2024-10-22 09:30:18,0.0,192.0,-192.0,235.25,235.05,235.25,235.15
2024-10-22 09:30:19,0.0,32.0,-32.0,235.24,235.05,235.24,235.145
2024-10-22 09:30:21,100.0,32.0,68.0,235.25,235.05,235.25,235.15
2024-10-22 09:30:27,100.0,32.0,68.0,235.24,235.05,235.24,235.145
2024-10-22 09:30:28,0.0,32.0,-32.0,235.25,235.05,235.25,235.15
2024-10-22 09:30:32,0.0,112.0,-112.0,235.27,235.05,235.27,235.16
2024-10-22 09:30:36,120.0,0.0,120.0,235.06,235.06,235.27,235.165
2024-10-22 09:30:38,3.0,0.0,3.0,235.06,235.06,235.27,235.165
2024-10-22 09:30:58,0.0,1.0,-1.0,235.21,235.06,235.21,235.135
2024-10-22 09:31:25,30.0,0.0,30.0,235.1,235.1,235.21,235.155
2024-10-22 09:32:24,243.0,440.0,-197.0,235.31,235.1,235.31,235.205
2024-10-22 09:32:29,1000.0,2400.0,-1400.0,235.31,235.1,235.32,235.21
2024-10-22 09:32:30,0.0,3052.0,-3052.0,235.32,235.1,235.32,235.21
2024-10-22 09:32:32,400.0,2085.0,-1685.0,235.33,235.1,235.33,235.215
2024-10-22 09:32:34,400.0,32.0,368.0,235.32,235.1,235.32,235.21
2024-10-22 09:32:35,0.0,32.0,-32.0,235.33,235.1,235.33,235.215
2024-10-22 09:32:36,0.0,32.0,-32.0,235.32,235.1,235.32,235.21
2024-10-22 09:32:37,0.0,64.0,-64.0,235.32,235.1,235.32,235.21
2024-10-22 09:32:38,0.0,32.0,-32.0,235.31,235.1,235.31,235.205
2024-10-22 09:32:41,0.0,32.0,-32.0,235.3,235.1,235.3,235.2
2024-10-22 09:32:43,400.0,832.0,-432.0,235.29,235.1,235.29,235.195
2024-10-22 09:32:45,0.0,832.0,-832.0,235.28,235.1,235.28,235.19
2024-10-22 09:32:46,0.0,832.0,-832.0,235.29,235.1,235.29,235.195
2024-10-22 09:32:47,20.0,32.0,-12.0,235.28,235.1,235.28,235.19
2024-10-22 09:32:48,0.0,64.0,-64.0,235.28,235.1,235.28,235.19
2024-10-22 09:32:50,0.0,32.0,-32.0,235.29,235.1,235.29,235.195
2024-10-22 09:32:51,0.0,64.0,-64.0,235.29,235.1,235.29,235.195
2024-10-22 09:32:54,0.0,32.0,-32.0,235.3,235.1,235.3,235.2
2024-10-22 09:33:04,0.0,16.0,-16.0,235.3,235.1,235.36,235.23
2024-10-22 09:33:24,0.0,4016.0,-4016.0,235.27,235.1,235.27,235.185
2024-10-22 09:33:27,0.0,64.0,-64.0,235.27,235.1,235.27,235.185
2024-10-22 09:33:35,0.0,32.0,-32.0,235.26,235.1,235.26,235.18
2024-10-22 09:33:36,0.0,32.0,-32.0,235.27,235.1,235.27,235.185
2024-10-22 09:33:37,0.0,192.0,-192.0,235.27,235.1,235.27,235.185
2024-10-22 09:33:38,0.0,32.0,-32.0,235.26,235.1,235.26,235.18
2024-10-22 09:33:47,0.0,32.0,-32.0,235.27,235.1,235.27,235.185
2024-10-22 09:33:48,0.0,96.0,-96.0,235.28,235.1,235.28,235.19
2024-10-22 09:33:49,0.0,64.0,-64.0,235.3,235.1,235.3,235.2
2024-10-22 09:33:50,400.0,880.0,-480.0,235.3,235.1,235.36,235.23
2024-10-22 09:33:55,0.0,1600.0,-1600.0,235.36,235.1,235.36,235.23
2024-10-22 09:34:01,400.0,2400.0,-2000.0,235.37,235.1,235.37,235.235
2024-10-22 09:34:02,0.0,800.0,-800.0,235.36,235.1,235.36,235.23
2024-10-22 09:34:18,0.0,1600.0,-1600.0,235.36,235.1,235.36,235.23
2024-10-22 09:34:24,0.0,16.0,-16.0,235.3,235.1,235.3,235.2
2024-10-22 09:34:25,0.0,64.0,-64.0,235.3,235.1,235.3,235.2
2024-10-22 09:34:26,0.0,32.0,-32.0,235.29,235.1,235.29,235.195
2024-10-22 09:34:28,0.0,96.0,-96.0,235.28,235.1,235.28,235.19
2024-10-22 09:34:29,0.0,32.0,-32.0,235.29,235.1,235.29,235.195
2024-10-22 09:34:36,0.0,64.0,-64.0,235.29,235.1,235.29,235.195
2024-10-22 09:34:37,0.0,32.0,-32.0,235.28,235.1,235.28,235.19
2024-10-22 09:34:38,400.0,32.0,368.0,235.29,235.1,235.29,235.195
2024-10-22 09:34:42,0.0,32.0,-32.0,235.3,235.1,235.3,235.2
2024-10-22 09:34:45,0.0,32.0,-32.0,235.29,235.1,235.29,235.195
2024-10-22 09:34:49,0.0,32.0,-32.0,235.3,235.1,235.3,235.2
2024-10-22 09:35:00,200.0,332.0,-132.0,235.31,235.1,235.31,235.205
2024-10-22 09:35:05,0.0,96.0,-96.0,235.32,235.1,235.32,235.21
2024-10-22 09:35:06,0.0,48.0,-48.0,235.31,235.1,235.32,235.21
2024-10-22 09:35:20,4452.0,400.0,4052.0,235.34,235.1,235.34,235.22
2024-10-22 09:35:22,400.0,400.0,0.0,235.36,235.1,235.36,235.23
2024-10-22 09:35:24,0.0,16.0,-16.0,235.36,235.1,235.36,235.23
2024-10-22 09:35:25,0.0,32.0,-32.0,235.36,235.1,235.36,235.23
2024-10-22 09:35:31,1254.0,487.0,767.0,235.34,235.1,235.34,235.22
2024-10-22 09:35:32,55.0,880.0,-825.0,235.34,235.1,235.34,235.22
2024-10-22 09:35:33,5000.0,3226.0,1774.0,235.38,235.23,235.38,235.305
2024-10-22 09:35:34,854.0,1200.0,-346.0,235.38,235.23,235.38,235.305
2024-10-22 09:35:39,0.0,32.0,-32.0,235.38,235.23,235.38,235.305
2024-10-22 09:35:42,0.0,96.0,-96.0,235.38,235.23,235.38,235.305
2024-10-22 09:35:43,2526.0,305.0,2221.0,235.34,235.23,235.34,235.285
2024-10-22 09:35:44,0.0,21.0,-21.0,235.34,235.23,235.38,235.305
2024-10-22 09:35:46,0.0,32.0,-32.0,235.38,235.23,235.38,235.305
2024-10-22 09:35:51,0.0,64.0,-64.0,235.38,235.23,235.38,235.305
2024-10-22 09:35:53,0.0,64.0,-64.0,235.38,235.23,235.38,235.305
2024-10-22 09:35:54,0.0,128.0,-128.0,235.38,235.23,235.38,235.305
2024-10-22 09:35:55,0.0,2432.0,-2432.0,235.38,235.23,235.38,235.305
2024-10-22 09:35:58,0.0,268.0,-268.0,235.38,235.23,235.38,235.305
2024-10-22 09:35:59,0.0,800.0,-800.0,235.37,235.23,235.37,235.3
2024-10-22 09:36:11,2855.0,600.0,2255.0,235.36,235.1,235.36,235.23
2024-10-22 09:36:15,457.0,9600.0,-9143.0,235.33,235.1,235.33,235.215
2024-10-22 09:36:16,400.0,4400.0,-4000.0,235.32,235.1,235.32,235.21
2024-10-22 09:36:19,406.0,2200.0,-1794.0,235.21,235.1,235.39,235.245
2024-10-22 09:36:20,400.0,800.0,-400.0,235.38,235.1,235.38,235.24
2024-10-22 09:36:41,4200.0,100.0,4100.0,235.16,235.16,235.38,235.27
2024-10-22 09:36:52,458.0,1354.0,-896.0,235.38,235.16,235.38,235.27
2024-10-22 09:36:54,400.0,255.0,145.0,235.38,235.16,235.38,235.27
2024-10-22 09:36:57,0.0,2900.0,-2900.0,235.39,235.16,235.39,235.275
2024-10-22 09:37:00,200.0,200.0,0.0,235.16,235.16,235.39,235.275
2024-10-22 09:37:08,55.0,2030.0,-1975.0,235.36,235.16,235.39,235.275
2024-10-22 09:37:09,0.0,0.0,0.0,235.36,235.16,235.39,235.275
2024-10-22 09:37:19,56.0,1084.0,-1028.0,235.36,235.16,235.36,235.26
2024-10-22 09:37:29,491.0,532.0,-41.0,235.38,235.16,235.38,235.27
2024-10-22 09:37:30,856.0,300.0,556.0,235.38,235.16,235.38,235.27
2024-10-22 09:37:31,0.0,0.0,0.0,235.32,235.16,235.38,235.27
2024-10-22 09:37:33,400.0,2600.0,-2200.0,235.36,235.16,235.36,235.26
2024-10-22 09:37:37,0.0,0.0,0.0,235.32,235.16,235.36,235.26
2024-10-22 09:37:46,0.0,4456.0,-4456.0,235.37,235.16,235.37,235.265
2024-10-22 09:37:57,0.0,4600.0,-4600.0,235.4,235.16,235.4,235.28
2024-10-22 09:38:00,352.0,1182.0,-830.0,235.39,235.16,235.39,235.275
2024-10-22 09:38:01,0.0,800.0,-800.0,235.4,235.16,235.4,235.28
2024-10-22 09:38:03,0.0,856.0,-856.0,235.39,235.16,235.39,235.275
2024-10-22 09:38:04,0.0,600.0,-600.0,235.4,235.16,235.4,235.28
2024-10-22 09:38:06,0.0,4900.0,-4900.0,235.38,235.16,235.38,235.27
2024-10-22 09:38:22,0.0,2064.0,-2064.0,235.38,235.16,235.38,235.27
2024-10-22 09:38:23,0.0,32.0,-32.0,235.38,235.16,235.38,235.27
2024-10-22 09:38:28,0.0,128.0,-128.0,235.38,235.16,235.38,235.27
2024-10-22 09:38:29,0.0,2032.0,-2032.0,235.37,235.16,235.37,235.265
2024-10-22 09:38:30,0.0,816.0,-816.0,235.38,235.16,235.38,235.27
2024-10-22 09:39:00,200.0,200.0,0.0,235.16,235.16,235.38,235.27
2024-10-22 09:39:04,8257.0,0.0,8257.0,235.25,235.25,235.38,235.315
2024-10-22 09:39:07,1005.0,0.0,1005.0,235.32,235.32,235.38,235.35
2024-10-22 09:39:10,656.0,800.0,-144.0,235.39,235.32,235.39,235.355
2024-10-22 09:39:27,655.0,400.0,255.0,235.38,235.32,235.38,235.35
2024-10-22 09:39:42,857.0,400.0,457.0,235.38,235.32,235.39,235.355
2024-10-22 09:39:45,0.0,400.0,-400.0,235.39,235.32,235.39,235.355
2024-10-22 09:39:50,1600.0,256.0,1344.0,235.39,235.32,235.39,235.355
2024-10-22 09:40:02,100.0,700.0,-600.0,235.39,235.32,235.39,235.355
2024-10-22 09:40:05,2410.0,357.0,2053.0,235.39,235.17,235.39,235.28
2024-10-22 09:40:08,0.0,432.0,-432.0,235.39,235.17,235.39,235.28
2024-10-22 09:40:32,883.0,400.0,483.0,235.38,235.1,235.38,235.24
2024-10-22 09:40:52,0.0,400.0,-400.0,235.38,235.1,235.39,235.245
2024-10-22 09:40:57,0.0,96.0,-96.0,235.39,235.1,235.39,235.245
2024-10-22 09:41:00,3352.0,3214.0,138.0,235.36,235.1,235.36,235.23
2024-10-22 09:41:01,200.0,64.0,136.0,235.35,235.1,235.35,235.225
2024-10-22 09:41:02,0.0,32.0,-32.0,235.36,235.1,235.36,235.23
2024-10-22 09:41:03,0.0,400.0,-400.0,235.36,235.1,235.36,235.23
2024-10-22 09:41:04,0.0,4632.0,-4632.0,235.35,235.1,235.35,235.225
2024-10-22 09:41:05,0.0,5684.0,-5684.0,235.34,235.1,235.34,235.22
2024-10-22 09:41:06,0.0,2461.0,-2461.0,235.29,235.1,235.29,235.195
2024-10-22 09:41:07,55.0,1690.0,-1635.0,235.33,235.1,235.33,235.215
2024-10-22 09:41:09,0.0,400.0,-400.0,235.31,235.1,235.31,235.205
2024-10-22 09:41:10,0.0,856.0,-856.0,235.32,235.1,235.32,235.21
2024-10-22 09:41:11,0.0,400.0,-400.0,235.31,235.1,235.31,235.205
2024-10-22 09:41:12,0.0,827.0,-827.0,235.32,235.1,235.32,235.21
2024-10-22 09:41:13,57.0,1200.0,-1143.0,235.32,235.1,235.32,235.21
2024-10-22 09:41:18,0.0,5229.0,-5229.0,235.29,235.1,235.29,235.195
2024-10-22 09:41:25,0.0,400.0,-400.0,235.31,235.1,235.31,235.205
2024-10-22 09:41:28,0.0,523.0,-523.0,235.34,235.1,235.34,235.22
2024-10-22 09:41:34,200.0,2552.0,-2352.0,235.31,235.1,235.31,235.205
2024-10-22 09:41:35,0.0,858.0,-858.0,235.32,235.1,235.32,235.21
2024-10-22 09:41:36,0.0,5200.0,-5200.0,235.32,235.1,235.32,235.21
2024-10-22 09:41:39,0.0,32.0,-32.0,235.32,235.1,235.32,235.21
2024-10-22 09:41:42,0.0,2064.0,-2064.0,235.32,235.1,235.32,235.21
2024-10-22 09:41:44,0.0,432.0,-432.0,235.32,235.1,235.33,235.215
2024-10-22 09:41:46,100.0,96.0,4.0,235.34,235.1,235.34,235.22
2024-10-22 09:41:48,0.0,96.0,-96.0,235.34,235.1,235.34,235.22
2024-10-22 09:41:49,50.0,32.0,18.0,235.34,235.1,235.34,235.22
2024-10-22 09:41:51,0.0,128.0,-128.0,235.32,235.1,235.32,235.21
2024-10-22 09:41:54,4956.0,282.0,4674.0,235.22,235.1,235.32,235.21
2024-10-22 09:41:56,0.0,16.0,-16.0,235.32,235.1,235.34,235.22
2024-10-22 09:42:04,200.0,400.0,-200.0,235.33,235.1,235.33,235.215
2024-10-22 09:42:09,0.0,1254.0,-1254.0,235.32,235.1,235.32,235.21
2024-10-22 09:42:33,0.0,48.0,-48.0,235.3,235.1,235.3,235.2
2024-10-22 09:42:39,0.0,64.0,-64.0,235.3,235.1,235.3,235.2
2024-10-22 09:42:40,0.0,32.0,-32.0,235.31,235.1,235.31,235.205
2024-10-22 09:42:42,0.0,64.0,-64.0,235.31,235.1,235.31,235.205
2024-10-22 09:42:43,0.0,32.0,-32.0,235.3,235.1,235.3,235.2
2024-10-22 09:42:47,800.0,64.0,736.0,235.3,235.1,235.3,235.2
2024-10-22 09:42:48,0.0,32.0,-32.0,235.29,235.1,235.29,235.195
2024-10-22 09:42:51,1004.0,2268.0,-1264.0,235.2,235.06,235.29,235.175
2024-10-22 09:42:55,0.0,96.0,-96.0,235.3,235.06,235.3,235.18
2024-10-22 09:43:00,100.0,32.0,68.0,235.31,235.06,235.31,235.185
2024-10-22 09:43:02,0.0,400.0,-400.0,235.31,235.06,235.31,235.185
2024-10-22 09:43:09,0.0,64.0,-64.0,235.31,235.06,235.31,235.185
2024-10-22 09:43:11,0.0,32.0,-32.0,235.3,235.06,235.3,235.18
2024-10-22 09:43:12,0.0,32.0,-32.0,235.31,235.06,235.31,235.185
2024-10-22 09:43:14,0.0,32.0,-32.0,235.3,235.06,235.3,235.18
2024-10-22 09:43:15,0.0,16.0,-16.0,235.3,235.06,235.31,235.185
2024-10-22 09:43:18,0.0,4500.0,-4500.0,235.2,235.06,235.2,235.13
2024-10-22 09:43:52,3124.0,4432.0,-1308.0,235.3,235.13,235.3,235.215
2024-10-22 09:43:53,134.0,232.0,-98.0,235.31,235.06,235.31,235.185
2024-10-22 09:43:56,0.0,32.0,-32.0,235.3,235.06,235.3,235.18
2024-10-22 09:43:58,0.0,32.0,-32.0,235.29,235.06,235.29,235.175
2024-10-22 09:43:59,0.0,32.0,-32.0,235.3,235.06,235.3,235.18
2024-10-22 09:44:00,224.0,88.0,136.0,235.3,235.06,235.3,235.18
2024-10-22 09:44:06,0.0,2096.0,-2096.0,235.31,235.06,235.31,235.185
2024-10-22 09:44:14,0.0,32.0,-32.0,235.3,235.06,235.3,235.18
2024-10-22 09:44:16,0.0,2032.0,-2032.0,235.31,235.06,235.31,235.185
2024-10-22 09:44:17,0.0,32.0,-32.0,235.31,235.06,235.31,235.185
2024-10-22 09:44:20,0.0,32.0,-32.0,235.31,235.06,235.31,235.185
2024-10-22 09:44:21,0.0,5.0,-5.0,235.21,235.06,235.21,235.135
2024-10-22 09:44:29,400.0,200.0,200.0,235.08,235.08,235.21,235.145
2024-10-22 09:44:41,800.0,454.0,346.0,235.07,235.06,235.21,235.135
2024-10-22 09:46:11,0.0,858.0,-858.0,235.2,235.06,235.2,235.13
2024-10-22 09:46:12,200.0,400.0,-200.0,235.2,235.06,235.21,235.135
2024-10-22 09:46:26,5929.0,2245.0,3684.0,235.14,235.05,235.14,235.095
2024-10-22 09:46:27,600.0,35.0,565.0,235.14,235.05,235.21,235.13
2024-10-22 09:46:30,262.0,1661.0,-1399.0,235.05,235.05,235.21,235.13
2024-10-22 09:46:39,1200.0,700.0,500.0,235.12,235.05,235.21,235.13
2024-10-22 09:46:42,200.0,27.0,173.0,235.16,235.05,235.21,235.13
2024-10-22 09:47:16,0.0,1287.0,-1287.0,235.21,235.05,235.21,235.13
2024-10-22 09:47:18,0.0,1256.0,-1256.0,235.21,235.05,235.21,235.13
2024-10-22 09:47:20,1.0,0.0,1.0,235.06,235.06,235.21,235.135
2024-10-22 09:48:00,2202.0,467.0,1735.0,235.14,235.05,235.14,235.095
2024-10-22 09:48:01,0.0,3.0,-3.0,235.14,235.05,235.21,235.13
2024-10-22 09:48:03,0.0,96.0,-96.0,235.21,235.05,235.21,235.13
2024-10-22 09:48:04,1872.0,677.0,1195.0,235.13,235.0,235.13,235.065
2024-10-22 09:48:05,1300.0,595.0,705.0,235.18,235.0,235.18,235.09
2024-10-22 09:48:06,32.0,16.0,16.0,235.18,235.0,235.21,235.105
2024-10-22 09:48:08,3000.0,6314.0,-3314.0,235.2,235.0,235.2,235.1
2024-10-22 09:48:10,600.0,400.0,200.0,235.19,235.0,235.19,235.095
2024-10-22 09:48:11,200.0,800.0,-600.0,235.21,235.0,235.21,235.105
2024-10-22 09:48:15,156.0,147.0,9.0,235.2,235.0,235.2,235.1
2024-10-22 09:48:16,300.0,1200.0,-900.0,235.2,235.0,235.2,235.1
2024-10-22 09:48:18,1000.0,3184.0,-2184.0,235.2,235.0,235.2,235.1
2024-10-22 09:48:19,600.0,1600.0,-1000.0,235.14,235.0,235.14,235.07
2024-10-22 09:48:25,900.0,3600.0,-2700.0,235.13,235.0,235.13,235.065
2024-10-22 09:48:29,1700.0,4816.0,-3116.0,235.03,235.0,235.03,235.015
2024-10-22 09:48:35,1500.0,200.0,1300.0,235.03,235.0,235.14,235.07
2024-10-22 09:48:37,2856.0,1800.0,1056.0,235.13,235.0,235.14,235.07
2024-10-22 09:48:40,0.0,632.0,-632.0,235.14,235.0,235.14,235.07
2024-10-22 09:48:41,1600.0,1319.0,281.0,235.14,235.0,235.14,235.07
2024-10-22 09:48:42,0.0,491.0,-491.0,235.13,235.0,235.13,235.065
2024-10-22 09:48:43,600.0,881.0,-281.0,235.13,235.0,235.14,235.07
2024-10-22 09:48:46,100.0,830.0,-730.0,235.13,235.0,235.14,235.07
2024-10-22 09:48:49,0.0,400.0,-400.0,235.13,235.0,235.13,235.065
2024-10-22 09:48:50,1702.0,4551.0,-2849.0,235.13,235.0,235.13,235.065
2024-10-22 09:48:51,400.0,256.0,144.0,235.13,235.0,235.13,235.065
2024-10-22 09:48:52,1000.0,626.0,374.0,235.12,235.0,235.12,235.06
2024-10-22 09:48:53,0.0,2200.0,-2200.0,235.12,235.0,235.12,235.06
2024-10-22 09:48:54,600.0,264.0,336.0,235.12,235.0,235.12,235.06
2024-10-22 09:48:55,5347.0,4246.0,1101.0,235.06,234.9,235.06,234.98
2024-10-22 09:48:56,1429.0,67.0,1362.0,235.06,234.9,235.07,234.985
2024-10-22 09:49:02,859.0,0.0,859.0,234.98,234.9,235.07,234.985
2024-10-22 09:49:05,0.0,484.0,-484.0,235.06,234.9,235.06,234.98
2024-10-22 09:49:08,0.0,481.0,-481.0,235.02,234.9,235.02,234.96
2024-10-22 09:49:13,0.0,0.0,0.0,234.98,234.9,235.02,234.96
2024-10-22 09:49:23,10.0,0.0,10.0,234.9,234.9,235.02,234.96
2024-10-22 09:49:27,0.0,2420.0,-2420.0,234.96,234.9,234.96,234.93
2024-10-22 09:50:06,3300.0,4820.0,-1520.0,234.96,234.9,235.03,234.965
2024-10-22 09:50:09,0.0,400.0,-400.0,235.02,234.9,235.02,234.96
2024-10-22 09:50:12,0.0,400.0,-400.0,235.02,234.9,235.03,234.965
2024-10-22 09:50:18,1058.0,1200.0,-142.0,235.03,234.9,235.03,234.965
2024-10-22 09:50:19,0.0,400.0,-400.0,235.03,234.9,235.03,234.965
2024-10-22 09:50:38,100.0,2800.0,-2700.0,235.01,234.9,235.01,234.955
2024-10-22 09:50:42,0.0,400.0,-400.0,235.01,234.9,235.03,234.965
2024-10-22 09:50:57,10.0,0.0,10.0,234.9,234.9,235.03,234.965
2024-10-22 09:51:25,0.0,853.0,-853.0,235.02,234.9,235.02,234.96
2024-10-22 09:51:36,0.0,2686.0,-2686.0,235.05,234.9,235.05,234.975
2024-10-22 09:51:42,5358.0,2800.0,2558.0,235.08,234.9,235.08,234.99
2024-10-22 09:51:47,0.0,454.0,-454.0,235.07,234.9,235.07,234.985
2024-10-22 09:51:48,1000.0,400.0,600.0,235.07,234.9,235.07,234.985
2024-10-22 09:51:49,0.0,2055.0,-2055.0,235.06,234.9,235.06,234.98
2024-10-22 09:52:00,886.0,519.0,367.0,235.08,234.83,235.0,234.915
2024-10-22 09:52:03,32.0,0.0,32.0,234.83,234.83,235.0,234.915
2024-10-22 09:52:05,96.0,0.0,96.0,234.84,234.84,235.0,234.92
2024-10-22 09:52:07,160.0,0.0,160.0,234.85,234.85,235.0,234.925
2024-10-22 09:52:08,32.0,0.0,32.0,234.86,234.86,235.0,234.93
2024-10-22 09:52:09,64.0,0.0,64.0,234.86,234.86,235.0,234.93
2024-10-22 09:52:13,96.0,0.0,96.0,234.87,234.87,235.0,234.935
2024-10-22 09:52:15,64.0,0.0,64.0,234.87,234.87,235.0,234.935
2024-10-22 09:52:16,32.0,0.0,32.0,234.88,234.88,235.0,234.94
2024-10-22 09:52:20,276.0,3340.0,-3064.0,234.98,234.88,234.98,234.93
2024-10-22 09:52:21,2016.0,0.0,2016.0,234.88,234.81,234.98,234.895
2024-10-22 09:52:25,2.0,4964.0,-4962.0,234.9,234.81,234.9,234.855
2024-10-22 09:52:31,10.0,6876.0,-6866.0,234.88,234.81,234.88,234.845
2024-10-22 09:52:33,1.0,2.0,-1.0,234.88,234.81,234.88,234.845
2024-10-22 09:52:35,200.0,900.0,-700.0,234.88,234.81,234.88,234.845
2024-10-22 09:52:42,4605.0,4034.0,571.0,234.98,234.81,235.0,234.905
2024-10-22 09:53:00,225.0,1065.0,-840.0,234.86,234.86,235.0,234.93
2024-10-22 09:53:01,96.0,0.0,96.0,234.87,234.87,235.0,234.935
2024-10-22 09:53:03,32.0,0.0,32.0,234.86,234.86,235.0,234.93
2024-10-22 09:53:04,432.0,0.0,432.0,234.87,234.87,235.0,234.935
2024-10-22 09:53:06,64.0,0.0,64.0,234.87,234.87,235.0,234.935
2024-10-22 09:53:10,32.0,0.0,32.0,234.86,234.86,235.0,234.93
2024-10-22 09:53:11,64.0,0.0,64.0,234.84,234.84,235.0,234.92
2024-10-22 09:53:12,96.0,0.0,96.0,234.83,234.83,235.0,234.915
2024-10-22 09:53:14,496.0,2000.0,-1504.0,234.81,234.81,235.0,234.905
2024-10-22 09:53:15,32.0,0.0,32.0,234.81,234.81,235.0,234.905
2024-10-22 09:53:16,32.0,0.0,32.0,234.81,234.81,235.0,234.905
2024-10-22 09:54:10,0.0,1.0,-1.0,235.0,234.81,235.0,234.905
2024-10-22 09:54:21,0.0,0.0,0.0,234.99,234.81,235.0,234.905
2024-10-22 09:54:27,100.0,5500.0,-5400.0,234.99,234.82,234.99,234.905
2024-10-22 09:54:28,100.0,0.0,100.0,234.82,234.81,234.99,234.9
2024-10-22 09:54:29,1216.0,400.0,816.0,234.91,234.9,235.0,234.95
2024-10-22 09:54:30,16.0,300.0,-284.0,234.9,234.82,235.0,234.91
2024-10-22 09:54:38,2100.0,0.0,2100.0,234.99,234.99,235.0,234.995
2024-10-22 09:54:45,4.0,58.0,-54.0,234.99,234.99,235.0,234.995
2024-10-22 09:54:51,5457.0,2306.0,3151.0,235.0,234.99,235.03,235.01
2024-10-22 09:56:42,6948.0,2898.0,4050.0,235.02,234.91,235.03,234.97
2024-10-22 09:58:16,600.0,859.0,-259.0,235.03,234.91,235.03,234.97
2024-10-22 09:58:17,657.0,400.0,257.0,235.03,234.91,235.03,234.97
2024-10-22 09:58:57,800.0,800.0,0.0,235.03,234.91,235.03,234.97
2024-10-22 09:59:03,0.0,400.0,-400.0,235.03,234.91,235.03,234.97
2024-10-22 09:59:06,0.0,400.0,-400.0,235.03,234.91,235.03,234.97
2024-10-22 09:59:08,0.0,400.0,-400.0,235.03,234.91,235.03,234.97
2024-10-22 09:59:11,0.0,880.0,-880.0,234.99,234.91,235.03,234.97
2024-10-22 09:59:38,3901.0,931.0,2970.0,234.83,234.81,234.97,234.89
2024-10-22 09:59:39,16.0,493.0,-477.0,234.82,234.82,235.03,234.925
2024-10-22 09:59:42,64.0,0.0,64.0,234.82,234.82,235.03,234.925
2024-10-22 09:59:43,64.0,108.0,-44.0,234.82,234.82,235.03,234.925
2024-10-22 09:59:44,0.0,400.0,-400.0,235.0,234.82,235.0,234.91
2024-10-22 09:59:45,260.0,858.0,-598.0,235.02,234.82,235.03,234.925
2024-10-22 09:59:46,32.0,0.0,32.0,234.81,234.81,235.03,234.92
2024-10-22 09:59:48,296.0,800.0,-504.0,234.82,234.82,235.03,234.925
2024-10-22 09:59:50,0.0,459.0,-459.0,235.01,234.82,235.01,234.915
2024-10-22 09:59:51,2096.0,400.0,1696.0,234.81,234.81,235.0,234.905
2024-10-22 09:59:52,32.0,800.0,-768.0,234.81,234.81,235.0,234.905
2024-10-22 09:59:53,64.0,0.0,64.0,234.81,234.81,235.0,234.905
2024-10-22 09:59:57,832.0,427.0,405.0,235.0,234.81,235.03,234.92
2024-10-22 10:00:00,100.0,750.0,-650.0,235.03,234.81,235.03,234.92
2024-10-22 10:00:12,600.0,1200.0,-600.0,235.03,234.81,235.03,234.92
2024-10-22 10:00:38,516.0,0.0,516.0,234.84,234.84,235.03,234.935
2024-10-22 10:00:39,332.0,0.0,332.0,234.85,234.85,235.03,234.94
2024-10-22 10:00:41,2132.0,0.0,2132.0,234.84,234.84,235.03,234.935
2024-10-22 10:00:43,128.0,1282.0,-1154.0,234.84,234.84,235.03,234.935
2024-10-22 10:00:44,32.0,30.0,2.0,234.83,234.83,235.03,234.93
2024-10-22 10:00:45,32.0,0.0,32.0,234.84,234.84,235.03,234.935
2024-10-22 10:00:47,296.0,856.0,-560.0,234.85,234.85,235.01,234.93
2024-10-22 10:00:49,564.0,655.0,-91.0,234.83,234.83,235.03,234.93
2024-10-22 10:00:50,1096.0,1000.0,96.0,234.84,234.84,235.03,234.935
2024-10-22 10:00:51,1064.0,800.0,264.0,235.01,234.84,235.01,234.925
2024-10-22 10:00:52,832.0,1600.0,-768.0,234.83,234.83,235.03,234.93
2024-10-22 10:00:55,0.0,855.0,-855.0,235.01,234.83,235.01,234.92
2024-10-22 10:00:56,800.0,426.0,374.0,235.01,234.83,235.03,234.93
2024-10-22 10:00:57,72.0,400.0,-328.0,235.03,234.81,235.03,234.92
2024-10-22 10:01:00,1082.0,1724.0,-642.0,235.03,234.81,235.03,234.92
2024-10-22 10:01:01,128.0,826.0,-698.0,235.03,234.81,235.03,234.92
2024-10-22 10:01:03,660.0,1200.0,-540.0,235.03,234.81,235.03,234.92
2024-10-22 10:01:15,0.0,459.0,-459.0,235.03,234.81,235.03,234.92
2024-10-22 10:01:25,82.0,5659.0,-5577.0,235.03,234.81,235.03,234.92
2024-10-22 10:01:38,116.0,0.0,116.0,234.85,234.85,235.03,234.94
2024-10-22 10:01:39,256.0,800.0,-544.0,235.03,234.85,235.03,234.94
2024-10-22 10:01:40,432.0,4000.0,-3568.0,234.83,234.83,235.03,234.93
2024-10-22 10:01:43,200.0,557.0,-357.0,235.02,234.83,235.02,234.925
2024-10-22 10:01:44,0.0,800.0,-800.0,234.96,234.83,234.96,234.895
2024-10-22 10:01:46,232.0,0.0,232.0,234.82,234.82,234.96,234.89
2024-10-22 10:01:47,856.0,1542.0,-686.0,234.93,234.82,234.93,234.875
2024-10-22 10:01:48,1888.0,526.0,1362.0,234.95,234.83,234.95,234.89
2024-10-22 10:01:49,475.0,0.0,475.0,234.89,234.89,234.95,234.92
2024-10-22 10:01:50,1288.0,648.0,640.0,234.89,234.81,234.95,234.88
2024-10-22 10:01:53,0.0,400.0,-400.0,234.94,234.81,234.94,234.875
2024-10-22 10:02:43,4316.0,3000.0,1316.0,234.81,234.81,235.01,234.91
2024-10-22 10:02:44,232.0,126.0,106.0,234.82,234.82,235.01,234.915
2024-10-22 10:02:46,457.0,0.0,457.0,234.84,234.84,235.01,234.925
2024-10-22 10:02:55,100.0,200.0,-100.0,235.0,234.84,235.01,234.925
2024-10-22 10:03:01,100.0,200.0,-100.0,235.0,234.84,235.0,234.92
2024-10-22 10:03:06,2.0,100.0,-98.0,234.84,234.84,235.0,234.92
2024-10-22 10:03:30,400.0,0.0,400.0,234.82,234.82,235.0,234.91
2024-10-22 10:03:31,7200.0,4200.0,3000.0,234.83,234.83,234.98,234.905
2024-10-22 10:03:43,0.0,2200.0,-2200.0,234.95,234.83,234.95,234.89
2024-10-22 10:03:45,2400.0,800.0,1600.0,234.84,234.84,234.95,234.895
